Area Code,Cogs,DifferenceBetweenActualandTargetProfit,Date,Inventory Margin,Margin,Market_size,Market,Marketing,Product_line,Product_type,Product,Profit,Sales,State,Target_cogs,Target_margin,Target_profit,Target_sales ,Total_expenses,Type
303,51,-35,10/1/2012,503,71,Major Market,Central,46,Leaves,Herbal Tea,Lemon,-5,122,Colorado,30,60,30,90,76,Decaf
970,52,-24,10/1/2012,405,71,Major Market,Central,17,Leaves,Herbal Tea,Mint,26,123,Colorado,30,60,50,90,45,Decaf
409,43,-22,10/2/2012,419,64,Major Market,South,13,Leaves,Herbal Tea,Lemon,28,107,Texas,30,60,50,90,36,Decaf
850,38,-15,10/3/2012,871,56,Major Market,East,10,Leaves,Tea,Darjeeling,35,94,Florida,40,60,50,100,21,Regular
562,72,6,10/4/2012,650,110,Major Market,West,23,Leaves,Tea,Green Tea,56,182,California,20,60,50,80,54,Regular
712,0,-29,10/5/2012,430,43,Small Market,Central,0,Beans,Espresso,Decaf Espresso,31,43,Iowa,0,60,60,60,12,Decaf
860,47,-29,10/6/2012,375,64,Small Market,East,15,Beans,Espresso,Decaf Espresso,21,111,Connecticut,30,60,50,90,43,Decaf
918,27,-39,10/7/2012,859,39,Small Market,South,7,Beans,Coffee,Decaf Irish Cream,21,66,Oklahoma,30,60,60,90,18,Decaf
775,31,-43,10/8/2012,1000,37,Small Market,West,9,Beans,Coffee,Decaf Irish Cream,7,68,Nevada,30,60,50,90,30,Decaf
435,40,-23,10/9/2012,881,59,Small Market,West,11,Beans,Espresso,Decaf Espresso,37,99,Utah,20,60,60,80,22,Decaf
603,49,-27,10/10/2012,310,71,Small Market,East,15,Beans,Coffee,Amaretto,33,120,New Hampshire,30,60,60,90,38,Regular
603,45,-26,10/11/2012,447,69,Small Market,East,14,Beans,Coffee,Colombian,24,114,New Hampshire,30,60,50,90,45,Regular
603,45,-37,10/12/2012,320,64,Small Market,East,41,Beans,Espresso,Caffe Mocha,-7,109,New Hampshire,30,60,30,90,71,Regular
318,60,-9,10/13/2012,-762,84,Small Market,South,54,Beans,Espresso,Caffe Latte,1,144,Louisiana,30,60,10,90,83,Regular
775,34,-32,10/14/2012,240,43,Small Market,West,12,Beans,Coffee,Colombian,-2,77,Nevada,40,60,30,100,45,Regular
503,54,-28,10/15/2012,404,66,Small Market,West,20,Beans,Espresso,Caffe Latte,12,120,Oregon,40,60,40,100,54,Regular
573,45,-36,10/16/2012,320,64,Small Market,Central,41,Leaves,Herbal Tea,Chamomile,-6,109,Missouri,20,60,30,80,70,Decaf
262,48,-15,10/17/2012,851,70,Small Market,Central,13,Leaves,Herbal Tea,Lemon,45,118,Wisconsin,30,60,60,90,25,Decaf
801,49,-27,10/18/2012,310,71,Small Market,West,15,Leaves,Herbal Tea,Chamomile,33,120,Utah,30,60,60,90,38,Decaf
425,48,-13,10/19/2012,829,71,Small Market,West,13,Leaves,Herbal Tea,Lemon,47,119,Washington,30,60,60,90,24,Decaf
860,40,-14,10/20/2012,881,59,Small Market,East,11,Leaves,Tea,Darjeeling,36,99,Connecticut,40,60,50,100,23,Regular
971,82,14,10/21/2012,788,123,Small Market,West,27,Leaves,Tea,Earl Grey,64,205,Oregon,30,60,50,90,59,Regular
971,91,26,10/22/2012,656,127,Small Market,West,28,Leaves,Tea,Green Tea,76,218,Oregon,40,60,50,100,51,Regular
915,40,-14,10/23/2012,536,52,Major Market,South,13,Beans,Coffee,Decaf Irish Cream,26,92,Texas,40,60,40,100,26,Decaf
210,50,8,10/24/2012,589,73,Major Market,South,14,Beans,Espresso,Decaf Espresso,48,123,Texas,30,60,40,90,25,Decaf
970,40,-13,10/25/2012,536,52,Major Market,Central,13,Beans,Coffee,Colombian,27,92,Colorado,30,60,40,90,25,Regular
774,52,-8,10/26/2012,554,68,Major Market,East,47,Beans,Espresso,Caffe Mocha,-8,120,Massachusetts,50,60,0,110,76,Regular
954,75,14,10/27/2012,1063,89,Major Market,East,23,Leaves,Herbal Tea,Mint,44,164,Florida,50,60,30,110,45,Decaf
936,46,1,10/28/2012,424,68,Major Market,South,14,Leaves,Herbal Tea,Lemon,31,114,Texas,40,60,30,100,37,Decaf
719,55,-5,10/29/2012,410,69,Major Market,Central,20,Leaves,Tea,Darjeeling,15,124,Colorado,40,60,20,100,54,Regular
847,50,8,10/30/2012,589,73,Major Market,Central,14,Leaves,Tea,Darjeeling,48,123,Illinois,40,60,40,100,25,Regular
719,57,-1,10/31/2012,1042,68,Major Market,Central,17,Leaves,Tea,Earl Grey,29,125,Colorado,40,60,30,100,39,Regular
339,36,-9,11/1/2012,862,52,Major Market,East,10,Leaves,Tea,Darjeeling,31,88,Massachusetts,30,60,40,90,21,Regular
314,33,-23,11/2/2012,836,48,Small Market,Central,9,Beans,Espresso,Decaf Espresso,27,81,Missouri,40,60,50,100,21,Decaf
504,31,-22,11/3/2012,856,47,Small Market,South,8,Beans,Coffee,Decaf Irish Cream,28,78,Louisiana,30,60,50,90,19,Decaf
580,36,-10,11/4/2012,862,52,Small Market,South,10,Beans,Coffee,Decaf Irish Cream,30,88,Oklahoma,40,60,40,100,22,Decaf
225,49,4,11/5/2012,454,71,Small Market,South,15,Beans,Espresso,Decaf Espresso,34,120,Louisiana,30,60,30,90,37,Decaf
262,54,-6,11/6/2012,391,67,Small Market,Central,20,Beans,Coffee,Amaretto,14,121,Wisconsin,50,60,20,110,53,Regular
603,46,-10,11/7/2012,316,67,Small Market,East,14,Beans,Coffee,Amaretto,30,113,New Hampshire,40,60,40,100,37,Regular
603,43,-10,11/8/2012,452,66,Small Market,East,14,Beans,Coffee,Colombian,20,109,New Hampshire,30,60,30,90,46,Regular
603,44,-18,11/9/2012,325,62,Small Market,East,40,Beans,Espresso,Caffe Mocha,-8,106,New Hampshire,40,60,10,100,70,Regular
225,53,19,11/10/2012,321,88,Small Market,South,16,Beans,Espresso,Caffe Mocha,49,141,Louisiana,40,60,30,100,39,Regular
425,54,-7,11/11/2012,391,67,Small Market,West,20,Beans,Espresso,Caffe Mocha,13,121,Washington,50,60,20,110,54,Regular
918,54,-7,11/12/2012,391,67,Small Market,South,20,Leaves,Herbal Tea,Chamomile,13,121,Oklahoma,50,60,20,110,54,Decaf
801,46,0,11/13/2012,316,67,Small Market,West,14,Leaves,Herbal Tea,Chamomile,30,113,Utah,40,60,30,100,37,Decaf
435,43,-10,11/14/2012,452,66,Small Market,West,14,Leaves,Herbal Tea,Lemon,20,109,Utah,40,60,30,100,46,Decaf
509,47,4,11/15/2012,834,68,Small Market,West,13,Leaves,Herbal Tea,Lemon,44,115,Washington,40,60,40,100,24,Decaf
203,36,-7,11/16/2012,809,54,Small Market,East,10,Leaves,Tea,Green Tea,33,90,Connecticut,30,60,40,90,21,Regular
206,61,1,11/17/2012,613,86,Small Market,West,55,Leaves,Tea,Green Tea,1,147,Washington,40,60,0,100,85,Regular
682,43,-10,11/18/2012,531,56,Major Market,South,14,Beans,Coffee,Decaf Irish Cream,30,99,Texas,50,60,40,110,26,Decaf
214,54,12,11/19/2012,601,79,Major Market,South,15,Beans,Espresso,Decaf Espresso,52,133,Texas,40,60,40,100,27,Decaf
970,47,-6,11/20/2012,521,65,Major Market,Central,42,Leaves,Herbal Tea,Lemon,-6,112,Colorado,40,60,0,100,71,Decaf
303,54,-1,11/21/2012,424,73,Major Market,Central,17,Leaves,Herbal Tea,Mint,29,127,Colorado,50,60,30,110,44,Decaf
954,65,3,11/22/2012,403,80,Major Market,East,24,Leaves,Herbal Tea,Lemon,23,145,Florida,40,60,20,100,57,Decaf
561,80,20,11/23/2012,1079,96,Major Market,East,24,Leaves,Herbal Tea,Mint,50,176,Florida,60,60,30,120,46,Decaf
469,54,-2,11/24/2012,424,73,Major Market,South,17,Leaves,Herbal Tea,Chamomile,28,127,Texas,50,60,30,110,45,Decaf
214,41,-6,11/25/2012,435,60,Major Market,South,13,Leaves,Herbal Tea,Lemon,24,101,Texas,30,60,30,90,36,Decaf
619,54,3,11/26/2012,601,79,Major Market,West,15,Leaves,Tea,Earl Grey,53,133,California,30,60,50,90,26,Regular
314,31,-23,11/27/2012,844,46,Small Market,Central,8,Beans,Espresso,Decaf Espresso,27,77,Missouri,30,60,50,90,19,Decaf
225,34,-19,11/28/2012,863,51,Small Market,South,9,Beans,Coffee,Decaf Irish Cream,31,85,Louisiana,40,60,50,100,20,Decaf
580,33,-22,11/29/2012,870,49,Small Market,South,9,Beans,Coffee,Decaf Irish Cream,28,82,Oklahoma,30,60,50,90,21,Decaf
603,48,-2,11/30/2012,462,74,Small Market,East,15,Beans,Coffee,Colombian,28,122,New Hampshire,40,60,30,100,46,Regular
985,55,-3,12/1/2012,-1053,76,Small Market,South,49,Beans,Espresso,Caffe Latte,-3,131,Louisiana,40,60,0,100,79,Regular
505,49,-15,12/2/2012,335,69,Small Market,South,44,Beans,Espresso,Caffe Mocha,-5,118,New Mexico,30,60,10,90,74,Regular
775,39,-19,12/3/2012,250,49,Small Market,West,14,Beans,Coffee,Colombian,1,88,Nevada,40,60,20,100,48,Regular
417,49,-5,12/4/2012,335,69,Small Market,Central,44,Leaves,Herbal Tea,Chamomile,-5,118,Missouri,40,60,0,100,74,Decaf
920,41,0,12/5/2012,320,66,Small Market,Central,12,Leaves,Herbal Tea,Chamomile,30,107,Wisconsin,30,60,30,90,36,Decaf
573,92,-4,12/6/2012,1898,68,Small Market,Central,28,Leaves,Herbal Tea,Lemon,16,160,Missouri,80,60,20,140,52,Decaf
475,68,7,12/7/2012,619,85,Small Market,East,25,Leaves,Herbal Tea,Lemon,27,153,Connecticut,50,60,20,110,58,Decaf
475,63,-4,12/8/2012,1075,76,Small Market,East,19,Leaves,Herbal Tea,Mint,36,139,Connecticut,40,60,40,100,40,Decaf
435,92,-3,12/9/2012,1898,68,Small Market,West,28,Leaves,Herbal Tea,Mint,17,160,Utah,80,60,20,140,51,Decaf
920,55,-3,12/10/2012,627,76,Small Market,Central,49,Leaves,Tea,Earl Grey,-3,131,Wisconsin,40,60,0,100,79,Regular
720,51,-27,12/11/2012,503,79,Major Market,Central,46,Leaves,Herbal Tea,Lemon,3,130,Colorado,30,60,30,90,76,Decaf
970,52,-16,12/12/2012,405,79,Major Market,Central,17,Leaves,Herbal Tea,Mint,34,131,Colorado,30,60,50,90,45,Decaf
430,43,-15,12/13/2012,419,71,Major Market,South,13,Leaves,Herbal Tea,Lemon,35,114,Texas,30,60,50,90,36,Decaf
561,38,-9,12/14/2012,871,62,Major Market,East,10,Leaves,Tea,Darjeeling,41,100,Florida,40,60,50,100,21,Regular
510,72,18,12/15/2012,650,122,Major Market,West,23,Leaves,Tea,Green Tea,68,194,California,20,60,50,80,54,Regular
563,0,-26,12/16/2012,430,46,Small Market,Central,0,Beans,Espresso,Decaf Espresso,34,46,Iowa,0,60,60,60,12,Decaf
203,47,-22,12/17/2012,375,71,Small Market,East,15,Beans,Espresso,Decaf Espresso,28,118,Connecticut,30,60,50,90,43,Decaf
405,27,-35,12/18/2012,859,43,Small Market,South,7,Beans,Coffee,Decaf Irish Cream,25,70,Oklahoma,30,60,60,90,18,Decaf
775,31,-39,12/19/2012,1000,41,Small Market,West,9,Beans,Coffee,Decaf Irish Cream,11,72,Nevada,30,60,50,90,30,Decaf
435,40,-16,12/20/2012,881,66,Small Market,West,11,Beans,Espresso,Decaf Espresso,44,106,Utah,20,60,60,80,22,Decaf
603,49,-19,12/21/2012,310,79,Small Market,East,15,Beans,Coffee,Amaretto,41,128,New Hampshire,30,60,60,90,38,Regular
603,45,-19,12/22/2012,447,76,Small Market,East,14,Beans,Coffee,Colombian,31,121,New Hampshire,30,60,50,90,45,Regular
603,45,-30,12/23/2012,320,71,Small Market,East,41,Beans,Espresso,Caffe Mocha,0,116,New Hampshire,30,60,30,90,71,Regular
504,60,0,12/24/2012,-762,93,Small Market,South,54,Beans,Espresso,Caffe Latte,10,153,Louisiana,30,60,10,90,83,Regular
702,34,-27,12/25/2012,240,48,Small Market,West,12,Beans,Coffee,Colombian,3,82,Nevada,40,60,30,100,45,Regular
971,54,-20,12/26/2012,404,74,Small Market,West,20,Beans,Espresso,Caffe Latte,20,128,Oregon,40,60,40,100,54,Regular
573,45,-29,12/27/2012,320,71,Small Market,Central,41,Leaves,Herbal Tea,Chamomile,1,116,Missouri,20,60,30,80,70,Decaf
262,48,-7,12/28/2012,851,78,Small Market,Central,13,Leaves,Herbal Tea,Lemon,53,126,Wisconsin,30,60,60,90,25,Decaf
801,49,-19,12/29/2012,310,79,Small Market,West,15,Leaves,Herbal Tea,Chamomile,41,128,Utah,30,60,60,90,38,Decaf
509,48,-5,12/30/2012,829,79,Small Market,West,13,Leaves,Herbal Tea,Lemon,55,127,Washington,30,60,60,90,24,Decaf
475,40,-7,12/31/2012,881,66,Small Market,East,11,Leaves,Tea,Darjeeling,43,106,Connecticut,40,60,50,100,23,Regular
503,82,27,1/1/2013,788,136,Small Market,West,27,Leaves,Tea,Earl Grey,77,218,Oregon,30,60,50,90,59,Regular
541,91,40,1/2/2013,656,141,Small Market,West,28,Leaves,Tea,Green Tea,90,232,Oregon,40,60,50,100,51,Regular
936,40,-8,1/3/2013,536,58,Major Market,South,13,Beans,Coffee,Decaf Irish Cream,32,98,Texas,40,60,40,100,26,Decaf
254,50,16,1/4/2013,589,81,Major Market,South,14,Beans,Espresso,Decaf Espresso,56,131,Texas,30,60,40,90,25,Decaf
719,40,-7,1/5/2013,536,58,Major Market,Central,13,Beans,Coffee,Colombian,33,98,Colorado,30,60,40,90,25,Regular
339,52,0,1/6/2013,554,76,Major Market,East,47,Beans,Espresso,Caffe Mocha,0,128,Massachusetts,50,60,0,110,76,Regular
561,75,25,1/7/2013,1063,100,Major Market,East,23,Leaves,Herbal Tea,Mint,55,175,Florida,50,60,30,110,45,Decaf
806,46,8,1/8/2013,424,75,Major Market,South,14,Leaves,Herbal Tea,Lemon,38,121,Texas,40,60,30,100,37,Decaf
719,55,3,1/9/2013,410,77,Major Market,Central,20,Leaves,Tea,Darjeeling,23,132,Colorado,40,60,20,100,54,Regular
708,50,16,1/10/2013,589,81,Major Market,Central,14,Leaves,Tea,Darjeeling,56,131,Illinois,40,60,40,100,25,Regular
719,57,7,1/11/2013,1042,76,Major Market,Central,17,Leaves,Tea,Earl Grey,37,133,Colorado,40,60,30,100,39,Regular
351,36,-3,1/12/2013,862,58,Major Market,East,10,Leaves,Tea,Darjeeling,37,94,Massachusetts,30,60,40,90,21,Regular
636,33,-18,1/13/2013,836,53,Small Market,Central,9,Beans,Espresso,Decaf Espresso,32,86,Missouri,40,60,50,100,21,Decaf
504,31,-17,1/14/2013,856,52,Small Market,South,8,Beans,Coffee,Decaf Irish Cream,33,83,Louisiana,30,60,50,90,19,Decaf
580,36,-4,1/15/2013,862,58,Small Market,South,10,Beans,Coffee,Decaf Irish Cream,36,94,Oklahoma,40,60,40,100,22,Decaf
337,49,12,1/16/2013,454,79,Small Market,South,15,Beans,Espresso,Decaf Espresso,42,128,Louisiana,30,60,30,90,37,Decaf
262,54,2,1/17/2013,391,75,Small Market,Central,20,Beans,Coffee,Amaretto,22,129,Wisconsin,50,60,20,110,53,Regular
603,46,-3,1/18/2013,316,74,Small Market,East,14,Beans,Coffee,Amaretto,37,120,New Hampshire,40,60,40,100,37,Regular
603,43,-3,1/19/2013,452,73,Small Market,East,14,Beans,Coffee,Colombian,27,116,New Hampshire,30,60,30,90,46,Regular
603,44,-11,1/20/2013,325,69,Small Market,East,40,Beans,Espresso,Caffe Mocha,-1,113,New Hampshire,40,60,10,100,70,Regular
318,53,28,1/21/2013,321,97,Small Market,South,16,Beans,Espresso,Caffe Mocha,58,150,Louisiana,40,60,30,100,39,Regular
206,54,1,1/22/2013,391,75,Small Market,West,20,Beans,Espresso,Caffe Mocha,21,129,Washington,50,60,20,110,54,Regular
580,54,1,1/23/2013,391,75,Small Market,South,20,Leaves,Herbal Tea,Chamomile,21,129,Oklahoma,50,60,20,110,54,Decaf
435,46,7,1/24/2013,316,74,Small Market,West,14,Leaves,Herbal Tea,Chamomile,37,120,Utah,40,60,30,100,37,Decaf
435,43,-3,1/25/2013,452,73,Small Market,West,14,Leaves,Herbal Tea,Lemon,27,116,Utah,40,60,30,100,46,Decaf
253,47,12,1/26/2013,834,76,Small Market,West,13,Leaves,Herbal Tea,Lemon,52,123,Washington,40,60,40,100,24,Decaf
203,36,-1,1/27/2013,809,60,Small Market,East,10,Leaves,Tea,Green Tea,39,96,Connecticut,30,60,40,90,21,Regular
509,61,11,1/28/2013,613,96,Small Market,West,55,Leaves,Tea,Green Tea,11,157,Washington,40,60,0,100,85,Regular
956,43,-3,1/29/2013,531,63,Major Market,South,14,Beans,Coffee,Decaf Irish Cream,37,106,Texas,50,60,40,110,26,Decaf
430,54,21,1/30/2013,601,88,Major Market,South,15,Beans,Espresso,Decaf Espresso,61,142,Texas,40,60,40,100,27,Decaf
719,47,1,1/31/2013,521,72,Major Market,Central,42,Leaves,Herbal Tea,Lemon,1,119,Colorado,40,60,0,100,71,Decaf
970,54,7,2/1/2013,424,81,Major Market,Central,17,Leaves,Herbal Tea,Mint,37,135,Colorado,50,60,30,110,44,Decaf
305,65,13,2/2/2013,403,90,Major Market,East,24,Leaves,Herbal Tea,Lemon,33,155,Florida,40,60,20,100,57,Decaf
407,80,32,2/3/2013,1079,108,Major Market,East,24,Leaves,Herbal Tea,Mint,62,188,Florida,60,60,30,120,46,Decaf
325,54,6,2/4/2013,424,81,Major Market,South,17,Leaves,Herbal Tea,Chamomile,36,135,Texas,50,60,30,110,45,Decaf
430,41,1,2/5/2013,435,67,Major Market,South,13,Leaves,Herbal Tea,Lemon,31,108,Texas,30,60,30,90,36,Decaf
408,54,12,2/6/2013,601,88,Major Market,West,15,Leaves,Tea,Earl Grey,62,142,California,30,60,50,90,26,Regular
816,31,-18,2/7/2013,844,51,Small Market,Central,8,Beans,Espresso,Decaf Espresso,32,82,Missouri,30,60,50,90,19,Decaf
337,34,-13,2/8/2013,863,57,Small Market,South,9,Beans,Coffee,Decaf Irish Cream,37,91,Louisiana,40,60,50,100,20,Decaf
918,33,-17,2/9/2013,870,54,Small Market,South,9,Beans,Coffee,Decaf Irish Cream,33,87,Oklahoma,30,60,50,90,21,Decaf
603,48,6,2/10/2013,462,82,Small Market,East,15,Beans,Coffee,Colombian,36,130,New Hampshire,40,60,30,100,46,Regular
225,55,6,2/11/2013,-1053,85,Small Market,South,49,Beans,Espresso,Caffe Latte,6,140,Louisiana,40,60,0,100,79,Regular
505,49,-7,2/12/2013,335,77,Small Market,South,44,Beans,Espresso,Caffe Mocha,3,126,New Mexico,30,60,10,90,74,Regular
702,39,-13,2/13/2013,250,55,Small Market,West,14,Beans,Coffee,Colombian,7,94,Nevada,40,60,20,100,48,Regular
314,49,3,2/14/2013,335,77,Small Market,Central,44,Leaves,Herbal Tea,Chamomile,3,126,Missouri,40,60,0,100,74,Decaf
920,41,7,2/15/2013,320,73,Small Market,Central,12,Leaves,Herbal Tea,Chamomile,37,114,Wisconsin,30,60,30,90,36,Decaf
417,92,7,2/16/2013,1898,79,Small Market,Central,28,Leaves,Herbal Tea,Lemon,27,171,Missouri,80,60,20,140,52,Decaf
860,68,17,2/17/2013,619,95,Small Market,East,25,Leaves,Herbal Tea,Lemon,37,163,Connecticut,50,60,20,110,58,Decaf
203,63,5,2/18/2013,1075,85,Small Market,East,19,Leaves,Herbal Tea,Mint,45,148,Connecticut,40,60,40,100,40,Decaf
435,92,8,2/19/2013,1898,79,Small Market,West,28,Leaves,Herbal Tea,Mint,28,171,Utah,80,60,20,140,51,Decaf
262,55,6,2/20/2013,627,85,Small Market,Central,49,Leaves,Tea,Earl Grey,6,140,Wisconsin,40,60,0,100,79,Regular
719,39,-23,2/21/2013,541,51,Major Market,Central,12,Beans,Coffee,Colombian,27,90,Colorado,30,50,50,80,24,Regular
305,80,8,2/22/2013,1055,94,Major Market,East,24,Leaves,Herbal Tea,Mint,48,174,Florida,40,50,40,90,46,Decaf
303,54,-17,2/23/2013,404,66,Major Market,Central,20,Leaves,Tea,Darjeeling,13,120,Colorado,30,50,30,80,53,Regular
303,54,-13,2/24/2013,1037,64,Major Market,Central,16,Leaves,Tea,Earl Grey,27,118,Colorado,30,50,40,80,37,Regular
508,27,-30,2/25/2013,859,39,Major Market,East,7,Leaves,Tea,Darjeeling,20,66,Massachusetts,20,50,50,70,19,Regular
209,76,29,2/26/2013,580,111,Major Market,West,21,Leaves,Tea,Earl Grey,79,187,California,30,50,50,80,32,Regular
715,22,-40,2/27/2013,573,29,Small Market,Central,7,Beans,Espresso,Decaf Espresso,10,51,Wisconsin,20,50,50,70,19,Decaf
319,23,-32,2/28/2013,800,35,Small Market,Central,6,Beans,Espresso,Caffe Mocha,18,58,Iowa,20,50,50,70,17,Regular
959,79,4,3/1/2013,593,98,Small Market,East,30,Leaves,Herbal Tea,Lemon,34,177,Connecticut,40,50,30,90,64,Decaf
860,65,-15,3/2/2013,1053,77,Small Market,East,20,Leaves,Herbal Tea,Mint,35,142,Connecticut,30,50,50,80,42,Decaf
262,46,-10,3/3/2013,449,67,Small Market,Central,14,Leaves,Tea,Darjeeling,30,113,Wisconsin,20,50,40,70,37,Regular
715,60,0,3/4/2013,606,84,Small Market,Central,54,Leaves,Tea,Earl Grey,0,144,Wisconsin,40,50,0,90,84,Regular
206,60,17,3/5/2013,329,99,Small Market,West,18,Leaves,Tea,Darjeeling,57,159,Washington,20,50,40,70,42,Regular
773,40,-3,3/6/2013,536,52,Major Market,Central,13,Leaves,Herbal Tea,Lemon,27,92,Illinois,30,50,30,80,25,Decaf
614,36,-10,3/7/2013,862,52,Major Market,Central,10,Leaves,Herbal Tea,Lemon,30,88,Ohio,30,50,40,80,22,Decaf
617,55,-5,3/8/2013,410,69,Major Market,East,20,Leaves,Herbal Tea,Lemon,15,124,Massachusetts,40,50,20,90,54,Decaf
707,40,-3,3/9/2013,536,52,Major Market,West,13,Leaves,Herbal Tea,Mint,27,92,California,30,50,30,80,25,Decaf
352,28,-17,3/10/2013,875,42,Major Market,East,7,Leaves,Tea,Darjeeling,23,70,Florida,20,50,40,70,19,Regular
561,31,-12,3/11/2013,856,47,Major Market,East,8,Leaves,Tea,Green Tea,28,78,Florida,30,50,40,80,19,Regular
351,32,-11,3/12/2013,482,48,Major Market,East,8,Leaves,Tea,Green Tea,29,80,Massachusetts,30,50,40,80,19,Regular
650,50,7,3/13/2013,589,73,Major Market,West,14,Leaves,Tea,Earl Grey,47,123,California,30,50,40,80,26,Regular
712,0,-9,3/14/2013,387,43,Small Market,Central,0,Beans,Espresso,Decaf Espresso,31,43,Iowa,0,50,40,50,12,Decaf
505,82,-18,3/15/2013,1804,40,Small Market,South,25,Beans,Coffee,Decaf Irish Cream,-8,122,New Mexico,90,50,10,140,48,Decaf
515,22,-24,3/16/2013,802,34,Small Market,Central,6,Beans,Espresso,Caffe Mocha,16,56,Iowa,20,50,40,70,18,Regular
505,44,-7,3/17/2013,325,62,Small Market,South,40,Beans,Espresso,Caffe Mocha,-7,106,New Mexico,30,50,0,80,69,Regular
775,33,-14,3/18/2013,243,41,Small Market,West,12,Beans,Coffee,Colombian,-4,74,Nevada,30,50,10,80,45,Regular
573,44,-8,3/19/2013,325,62,Small Market,Central,40,Leaves,Herbal Tea,Chamomile,-8,106,Missouri,40,50,0,90,70,Decaf
262,31,-13,3/20/2013,856,47,Small Market,Central,8,Leaves,Herbal Tea,Lemon,27,78,Wisconsin,20,50,40,70,20,Decaf
475,69,8,3/21/2013,1060,81,Small Market,East,21,Leaves,Herbal Tea,Mint,38,150,Connecticut,50,50,30,100,43,Decaf
262,49,13,3/22/2013,454,71,Small Market,Central,15,Leaves,Tea,Darjeeling,33,120,Wisconsin,40,50,20,90,38,Regular
206,49,4,3/23/2013,454,71,Small Market,West,15,Leaves,Tea,Earl Grey,34,120,Washington,30,50,30,80,37,Regular
970,43,-1,3/24/2013,531,56,Major Market,Central,14,Beans,Coffee,Colombian,29,99,Colorado,40,50,30,90,27,Regular
614,41,4,3/25/2013,435,60,Major Market,Central,13,Beans,Coffee,Colombian,24,101,Ohio,40,50,20,90,36,Regular
339,47,-10,3/26/2013,571,52,Major Market,East,42,Beans,Espresso,Caffe Mocha,-20,99,Massachusetts,40,50,-10,90,72,Regular
773,43,-1,3/27/2013,531,56,Major Market,Central,14,Leaves,Herbal Tea,Lemon,29,99,Illinois,40,50,30,90,27,Decaf
805,43,-1,3/28/2013,531,56,Major Market,West,14,Leaves,Herbal Tea,Mint,29,99,California,40,50,30,90,27,Decaf
303,46,-4,3/29/2013,422,57,Major Market,Central,17,Leaves,Tea,Darjeeling,6,103,Colorado,30,50,10,80,51,Regular
303,53,6,3/30/2013,1054,63,Major Market,Central,16,Leaves,Tea,Earl Grey,26,116,Colorado,40,50,20,90,37,Regular
617,33,-11,3/31/2013,870,49,Major Market,East,9,Leaves,Tea,Darjeeling,29,82,Massachusetts,30,50,40,80,20,Regular
863,34,-10,4/1/2013,863,51,Major Market,East,9,Leaves,Tea,Green Tea,30,85,Florida,30,50,40,80,21,Regular
641,0,-8,4/2/2013,344,43,Small Market,Central,0,Beans,Espresso,Decaf Espresso,32,43,Iowa,0,50,40,50,11,Decaf
225,43,7,4/3/2013,466,63,Small Market,South,13,Beans,Espresso,Decaf Espresso,27,106,Louisiana,30,50,20,80,36,Decaf
702,31,-22,4/4/2013,1009,38,Small Market,West,9,Beans,Coffee,Decaf Irish Cream,8,69,Nevada,30,50,30,80,30,Decaf
515,23,-23,4/5/2013,807,35,Small Market,Central,6,Beans,Espresso,Caffe Mocha,17,58,Iowa,20,50,40,70,18,Regular
985,41,11,4/6/2013,320,66,Small Market,South,12,Beans,Espresso,Caffe Mocha,31,107,Louisiana,30,50,20,80,35,Regular
971,46,-4,4/7/2013,422,57,Small Market,West,17,Beans,Espresso,Caffe Latte,6,103,Oregon,40,50,10,90,51,Regular
262,43,8,4/8/2013,466,63,Small Market,Central,13,Leaves,Tea,Darjeeling,28,106,Wisconsin,30,50,20,80,35,Regular
959,33,-12,4/9/2013,818,49,Small Market,East,9,Leaves,Tea,Green Tea,28,82,Connecticut,30,50,40,80,21,Regular
435,49,-4,4/10/2013,335,69,Small Market,West,44,Leaves,Tea,Darjeeling,-4,118,Utah,30,50,0,80,73,Regular
360,55,7,4/11/2013,627,76,Small Market,West,49,Leaves,Tea,Green Tea,-3,131,Washington,40,50,-10,90,79,Regular
303,39,-17,4/12/2013,541,57,Major Market,Central,12,Beans,Coffee,Colombian,33,96,Colorado,30,50,50,80,24,Regular
904,80,19,4/13/2013,1055,105,Major Market,East,24,Leaves,Herbal Tea,Mint,59,185,Florida,40,50,40,90,46,Decaf
720,54,-9,4/14/2013,404,74,Major Market,Central,20,Leaves,Tea,Darjeeling,21,128,Colorado,30,50,30,80,53,Regular
970,54,-5,4/15/2013,1037,72,Major Market,Central,16,Leaves,Tea,Earl Grey,35,126,Colorado,30,50,40,80,37,Regular
978,27,-26,4/16/2013,859,43,Major Market,East,7,Leaves,Tea,Darjeeling,24,70,Massachusetts,20,50,50,70,19,Regular
626,76,41,4/17/2013,580,123,Major Market,West,21,Leaves,Tea,Earl Grey,91,199,California,30,50,50,80,32,Regular
262,22,-37,4/18/2013,573,32,Small Market,Central,7,Beans,Espresso,Decaf Espresso,13,54,Wisconsin,20,50,50,70,19,Decaf
641,23,-28,4/19/2013,800,39,Small Market,Central,6,Beans,Espresso,Caffe Mocha,22,62,Iowa,20,50,50,70,17,Regular
203,79,16,4/20/2013,593,110,Small Market,East,30,Leaves,Herbal Tea,Lemon,46,189,Connecticut,40,50,30,90,64,Decaf
203,65,-6,4/21/2013,1053,86,Small Market,East,20,Leaves,Herbal Tea,Mint,44,151,Connecticut,30,50,50,80,42,Decaf
262,46,-3,4/22/2013,449,74,Small Market,Central,14,Leaves,Tea,Darjeeling,37,120,Wisconsin,20,50,40,70,37,Regular
262,60,9,4/23/2013,606,93,Small Market,Central,54,Leaves,Tea,Earl Grey,9,153,Wisconsin,40,50,0,90,84,Regular
425,60,27,4/24/2013,329,109,Small Market,West,18,Leaves,Tea,Darjeeling,67,169,Washington,20,50,40,70,42,Regular
312,40,3,4/25/2013,536,58,Major Market,Central,13,Leaves,Herbal Tea,Lemon,33,98,Illinois,30,50,30,80,25,Decaf
419,36,-4,4/26/2013,862,58,Major Market,Central,10,Leaves,Herbal Tea,Lemon,36,94,Ohio,30,50,40,80,22,Decaf
857,55,3,4/27/2013,410,77,Major Market,East,20,Leaves,Herbal Tea,Lemon,23,132,Massachusetts,40,50,20,90,54,Decaf
323,40,3,4/28/2013,536,58,Major Market,West,13,Leaves,Herbal Tea,Mint,33,98,California,30,50,30,80,25,Decaf
352,28,-12,4/29/2013,875,47,Major Market,East,7,Leaves,Tea,Darjeeling,28,75,Florida,20,50,40,70,19,Regular
904,31,-7,4/30/2013,856,52,Major Market,East,8,Leaves,Tea,Green Tea,33,83,Florida,30,50,40,80,19,Regular
978,32,-6,5/1/2013,482,53,Major Market,East,8,Leaves,Tea,Green Tea,34,85,Massachusetts,30,50,40,80,19,Regular
760,50,15,5/2/2013,589,81,Major Market,West,14,Leaves,Tea,Earl Grey,55,131,California,30,50,40,80,26,Regular
515,0,-6,5/3/2013,387,46,Small Market,Central,0,Beans,Espresso,Decaf Espresso,34,46,Iowa,0,50,40,50,12,Decaf
505,82,-10,5/4/2013,1804,48,Small Market,South,25,Beans,Coffee,Decaf Irish Cream,0,130,New Mexico,90,50,10,140,48,Decaf
515,22,-20,5/5/2013,802,38,Small Market,Central,6,Beans,Espresso,Caffe Mocha,20,60,Iowa,20,50,40,70,18,Regular
505,44,0,5/6/2013,325,69,Small Market,South,40,Beans,Espresso,Caffe Mocha,0,113,New Mexico,30,50,0,80,69,Regular
775,33,-9,5/7/2013,243,46,Small Market,West,12,Beans,Coffee,Colombian,1,79,Nevada,30,50,10,80,45,Regular
314,44,-1,5/8/2013,325,69,Small Market,Central,40,Leaves,Herbal Tea,Chamomile,-1,113,Missouri,40,50,0,90,70,Decaf
715,31,-8,5/9/2013,856,52,Small Market,Central,8,Leaves,Herbal Tea,Lemon,32,83,Wisconsin,20,50,40,70,20,Decaf
959,69,18,5/10/2013,1060,91,Small Market,East,21,Leaves,Herbal Tea,Mint,48,160,Connecticut,50,50,30,100,43,Decaf
715,49,21,5/11/2013,454,79,Small Market,Central,15,Leaves,Tea,Darjeeling,41,128,Wisconsin,40,50,20,90,38,Regular
206,49,12,5/12/2013,454,79,Small Market,West,15,Leaves,Tea,Earl Grey,42,128,Washington,30,50,30,80,37,Regular
970,43,6,5/13/2013,531,63,Major Market,Central,14,Beans,Coffee,Colombian,36,106,Colorado,40,50,30,90,27,Regular
330,41,11,5/14/2013,435,67,Major Market,Central,13,Beans,Coffee,Colombian,31,108,Ohio,40,50,20,90,36,Regular
978,47,-3,5/15/2013,571,59,Major Market,East,42,Beans,Espresso,Caffe Mocha,-13,106,Massachusetts,40,50,-10,90,72,Regular
312,43,6,5/16/2013,531,63,Major Market,Central,14,Leaves,Herbal Tea,Lemon,36,106,Illinois,40,50,30,90,27,Decaf
323,43,6,5/17/2013,531,63,Major Market,West,14,Leaves,Herbal Tea,Mint,36,106,California,40,50,30,90,27,Decaf
303,46,3,5/18/2013,422,64,Major Market,Central,17,Leaves,Tea,Darjeeling,13,110,Colorado,30,50,10,80,51,Regular
970,53,14,5/19/2013,1054,71,Major Market,Central,16,Leaves,Tea,Earl Grey,34,124,Colorado,40,50,20,90,37,Regular
978,33,-6,5/20/2013,870,54,Major Market,East,9,Leaves,Tea,Darjeeling,34,87,Massachusetts,30,50,40,80,20,Regular
321,34,-4,5/21/2013,863,57,Major Market,East,9,Leaves,Tea,Green Tea,36,91,Florida,30,50,40,80,21,Regular
563,0,-5,5/22/2013,344,46,Small Market,Central,0,Beans,Espresso,Decaf Espresso,35,46,Iowa,0,50,40,50,11,Decaf
318,43,14,5/23/2013,466,70,Small Market,South,13,Beans,Espresso,Decaf Espresso,34,113,Louisiana,30,50,20,80,36,Decaf
775,31,-17,5/24/2013,1009,43,Small Market,West,9,Beans,Coffee,Decaf Irish Cream,13,74,Nevada,30,50,30,80,30,Decaf
515,23,-19,5/25/2013,807,39,Small Market,Central,6,Beans,Espresso,Caffe Mocha,21,62,Iowa,20,50,40,70,18,Regular
225,41,18,5/26/2013,320,73,Small Market,South,12,Beans,Espresso,Caffe Mocha,38,114,Louisiana,30,50,20,80,35,Regular
971,46,3,5/27/2013,422,64,Small Market,West,17,Beans,Espresso,Caffe Latte,13,110,Oregon,40,50,10,90,51,Regular
262,43,15,5/28/2013,466,70,Small Market,Central,13,Leaves,Tea,Darjeeling,35,113,Wisconsin,30,50,20,80,35,Regular
959,33,-7,5/29/2013,818,54,Small Market,East,9,Leaves,Tea,Green Tea,33,87,Connecticut,30,50,40,80,21,Regular
435,49,4,5/30/2013,335,77,Small Market,West,44,Leaves,Tea,Darjeeling,4,126,Utah,30,50,0,80,73,Regular
509,55,16,5/31/2013,627,85,Small Market,West,49,Leaves,Tea,Green Tea,6,140,Washington,40,50,-10,90,79,Regular
630,39,-13,6/1/2013,541,51,Major Market,Central,12,Leaves,Herbal Tea,Lemon,27,90,Illinois,20,40,40,60,24,Decaf
209,39,-14,6/2/2013,541,51,Major Market,West,12,Leaves,Herbal Tea,Mint,26,90,California,20,40,40,60,25,Decaf
505,86,-36,6/3/2013,1698,23,Small Market,South,26,Beans,Coffee,Decaf Irish Cream,-26,109,New Mexico,110,40,10,150,49,Decaf
318,46,-10,6/4/2013,449,67,Small Market,South,14,Beans,Espresso,Decaf Espresso,30,113,Louisiana,20,40,40,60,37,Decaf
515,31,-23,6/5/2013,1000,37,Small Market,Central,9,Beans,Coffee,Colombian,7,68,Iowa,20,40,30,60,30,Regular
505,45,-16,6/6/2013,320,64,Small Market,South,41,Beans,Espresso,Caffe Mocha,-6,109,New Mexico,20,40,10,60,70,Regular
801,32,-12,6/7/2013,833,47,Small Market,West,8,Beans,Espresso,Caffe Latte,28,79,Utah,20,40,40,60,19,Regular
505,31,-24,6/8/2013,1000,37,Small Market,South,9,Leaves,Herbal Tea,Lemon,6,68,New Mexico,10,40,30,50,31,Decaf
636,39,-17,6/9/2013,244,53,Small Market,Central,12,Leaves,Tea,Darjeeling,13,92,Missouri,20,40,30,60,40,Regular
959,24,-22,6/10/2013,806,36,Small Market,East,6,Leaves,Tea,Green Tea,18,60,Connecticut,20,40,40,60,18,Regular
603,0,-8,6/11/2013,430,43,Small Market,East,0,Leaves,Tea,Green Tea,32,43,New Hampshire,0,40,40,40,11,Regular
801,45,-26,6/12/2013,320,64,Small Market,West,41,Leaves,Tea,Darjeeling,-6,109,Utah,10,40,20,50,70,Regular
206,60,-10,6/13/2013,606,84,Small Market,West,54,Leaves,Tea,Green Tea,0,144,Washington,20,40,10,60,84,Regular
937,32,-1,6/14/2013,482,48,Major Market,Central,8,Leaves,Herbal Tea,Chamomile,29,80,Ohio,30,40,30,70,19,Decaf
407,54,3,6/15/2013,391,67,Major Market,East,20,Leaves,Herbal Tea,Lemon,13,121,Florida,40,40,10,80,54,Decaf
715,22,-19,6/16/2013,570,30,Small Market,Central,7,Beans,Espresso,Decaf Espresso,11,52,Wisconsin,20,40,30,60,19,Decaf
505,35,-12,6/17/2013,248,47,Small Market,South,11,Beans,Espresso,Decaf Espresso,8,82,New Mexico,20,40,20,60,39,Decaf
775,29,-15,6/18/2013,1003,35,Small Market,West,8,Beans,Coffee,Decaf Irish Cream,5,64,Nevada,30,40,20,70,30,Decaf
563,29,-15,6/19/2013,1003,35,Small Market,Central,8,Beans,Coffee,Colombian,5,64,Iowa,20,40,20,60,30,Regular
603,34,-3,6/20/2013,211,42,Small Market,East,12,Beans,Espresso,Regular Espresso,-3,76,New Hampshire,30,40,0,70,45,Regular
918,32,-1,6/21/2013,482,48,Small Market,South,8,Beans,Espresso,Caffe Mocha,29,80,Oklahoma,20,40,30,60,19,Regular
775,0,1,6/22/2013,387,43,Small Market,West,0,Beans,Espresso,Caffe Latte,31,43,Nevada,0,40,30,40,12,Regular
435,33,-3,6/23/2013,836,48,Small Market,West,9,Beans,Espresso,Caffe Latte,27,81,Utah,30,40,30,70,21,Regular
573,82,-9,6/24/2013,1804,40,Small Market,Central,25,Leaves,Herbal Tea,Lemon,-9,122,Missouri,70,40,0,110,49,Decaf
801,82,-8,6/25/2013,1804,40,Small Market,West,25,Leaves,Herbal Tea,Mint,-8,122,Utah,70,40,0,110,48,Decaf
417,35,-1,6/26/2013,248,47,Small Market,Central,11,Leaves,Tea,Darjeeling,9,82,Missouri,20,40,10,60,38,Regular
636,34,-3,6/27/2013,211,42,Small Market,Central,12,Leaves,Tea,Earl Grey,-3,76,Missouri,20,40,0,60,45,Regular
314,33,-4,6/28/2013,243,41,Small Market,Central,12,Leaves,Tea,Green Tea,-4,74,Missouri,20,40,0,60,45,Regular
603,0,2,6/29/2013,387,43,Small Market,East,0,Leaves,Tea,Green Tea,32,43,New Hampshire,0,40,30,40,11,Regular
435,44,3,6/30/2013,325,62,Small Market,West,40,Leaves,Tea,Darjeeling,-7,106,Utah,30,40,-10,70,69,Regular
937,29,-5,7/1/2013,490,44,Major Market,Central,8,Leaves,Herbal Tea,Chamomile,25,73,Ohio,20,40,30,60,19,Decaf
330,33,-1,7/2/2013,870,49,Major Market,Central,9,Leaves,Herbal Tea,Lemon,29,82,Ohio,30,40,30,70,20,Decaf
508,46,-3,7/3/2013,422,57,Major Market,East,17,Leaves,Herbal Tea,Lemon,7,103,Massachusetts,30,40,10,70,50,Decaf
813,30,-4,7/4/2013,882,45,Major Market,East,8,Leaves,Tea,Darjeeling,26,75,Florida,30,40,30,70,19,Regular
857,29,-5,7/5/2013,490,44,Major Market,East,8,Leaves,Tea,Green Tea,25,73,Massachusetts,30,40,30,70,19,Regular
262,24,-17,7/6/2013,567,32,Small Market,Central,7,Beans,Espresso,Decaf Espresso,13,56,Wisconsin,30,40,30,70,19,Decaf
702,0,1,7/7/2013,344,43,Small Market,West,0,Beans,Espresso,Caffe Latte,31,43,Nevada,0,40,30,40,12,Regular
435,31,-4,7/8/2013,844,46,Small Market,West,8,Beans,Espresso,Caffe Latte,26,77,Utah,30,40,30,70,20,Regular
715,34,0,7/9/2013,863,51,Small Market,Central,9,Leaves,Herbal Tea,Lemon,30,85,Wisconsin,30,40,30,70,21,Decaf
603,39,-8,7/10/2013,250,49,Small Market,East,14,Leaves,Herbal Tea,Lemon,2,88,New Hampshire,20,40,10,60,47,Decaf
505,31,-13,7/11/2013,1009,38,Small Market,South,9,Leaves,Herbal Tea,Lemon,7,69,New Mexico,20,40,20,60,31,Decaf
573,38,1,7/12/2013,256,51,Small Market,Central,12,Leaves,Tea,Darjeeling,11,89,Missouri,30,40,10,70,40,Regular
636,39,2,7/13/2013,250,49,Small Market,Central,14,Leaves,Tea,Green Tea,2,88,Missouri,30,40,0,70,47,Regular
603,0,2,7/14/2013,344,43,Small Market,East,0,Leaves,Tea,Green Tea,32,43,New Hampshire,0,40,30,40,11,Regular
509,41,10,7/15/2013,320,66,Small Market,West,12,Leaves,Tea,Darjeeling,30,107,Washington,30,40,20,70,36,Regular
801,38,2,7/16/2013,256,51,Small Market,West,12,Leaves,Tea,Earl Grey,12,89,Utah,20,40,10,60,39,Regular
509,43,8,7/17/2013,466,63,Small Market,West,13,Leaves,Tea,Earl Grey,28,106,Washington,30,40,20,70,35,Regular
312,39,-7,7/18/2013,541,57,Major Market,Central,12,Leaves,Herbal Tea,Lemon,33,96,Illinois,20,40,40,60,24,Decaf
530,39,-8,7/19/2013,541,57,Major Market,West,12,Leaves,Herbal Tea,Mint,32,96,California,20,40,40,60,25,Decaf
505,86,-29,7/20/2013,1698,30,Small Market,South,26,Beans,Coffee,Decaf Irish Cream,-19,116,New Mexico,110,40,10,150,49,Decaf
318,46,-3,7/21/2013,449,74,Small Market,South,14,Beans,Espresso,Decaf Espresso,37,120,Louisiana,20,40,40,60,37,Decaf
515,31,-19,7/22/2013,1000,41,Small Market,Central,9,Beans,Coffee,Colombian,11,72,Iowa,20,40,30,60,30,Regular
505,45,-9,7/23/2013,320,71,Small Market,South,41,Beans,Espresso,Caffe Mocha,1,116,New Mexico,20,40,10,60,70,Regular
435,32,-7,7/24/2013,833,52,Small Market,West,8,Beans,Espresso,Caffe Latte,33,84,Utah,20,40,40,60,19,Regular
505,31,-20,7/25/2013,1000,41,Small Market,South,9,Leaves,Herbal Tea,Lemon,10,72,New Mexico,10,40,30,50,31,Decaf
314,39,-11,7/26/2013,244,59,Small Market,Central,12,Leaves,Tea,Darjeeling,19,98,Missouri,20,40,30,60,40,Regular
203,24,-18,7/27/2013,806,40,Small Market,East,6,Leaves,Tea,Green Tea,22,64,Connecticut,20,40,40,60,18,Regular
603,0,-5,7/28/2013,430,46,Small Market,East,0,Leaves,Tea,Green Tea,35,46,New Hampshire,0,40,40,40,11,Regular
435,45,-19,7/29/2013,320,71,Small Market,West,41,Leaves,Tea,Darjeeling,1,116,Utah,10,40,20,50,70,Regular
206,60,-1,7/30/2013,606,93,Small Market,West,54,Leaves,Tea,Green Tea,9,153,Washington,20,40,10,60,84,Regular
440,32,4,7/31/2013,482,53,Major Market,Central,8,Leaves,Herbal Tea,Chamomile,34,85,Ohio,30,40,30,70,19,Decaf
561,54,11,8/1/2013,391,75,Major Market,East,20,Leaves,Herbal Tea,Lemon,21,129,Florida,40,40,10,80,54,Decaf
920,22,-16,8/2/2013,570,33,Small Market,Central,7,Beans,Espresso,Decaf Espresso,14,55,Wisconsin,20,40,30,60,19,Decaf
505,35,-7,8/3/2013,248,52,Small Market,South,11,Beans,Espresso,Decaf Espresso,13,87,New Mexico,20,40,20,60,39,Decaf
702,29,-11,8/4/2013,1003,39,Small Market,West,8,Beans,Coffee,Decaf Irish Cream,9,68,Nevada,30,40,20,70,30,Decaf
515,29,-11,8/5/2013,1003,39,Small Market,Central,8,Beans,Coffee,Colombian,9,68,Iowa,20,40,20,60,30,Regular
603,34,2,8/6/2013,211,47,Small Market,East,12,Beans,Espresso,Regular Espresso,2,81,New Hampshire,30,40,0,70,45,Regular
580,32,4,8/7/2013,482,53,Small Market,South,8,Beans,Espresso,Caffe Mocha,34,85,Oklahoma,20,40,30,60,19,Regular
775,0,4,8/8/2013,387,46,Small Market,West,0,Beans,Espresso,Caffe Latte,34,46,Nevada,0,40,30,40,12,Regular
435,33,2,8/9/2013,836,53,Small Market,West,9,Beans,Espresso,Caffe Latte,32,86,Utah,30,40,30,70,21,Regular
314,82,-1,8/10/2013,1804,48,Small Market,Central,25,Leaves,Herbal Tea,Lemon,-1,130,Missouri,70,40,0,110,49,Decaf
435,82,0,8/11/2013,1804,48,Small Market,West,25,Leaves,Herbal Tea,Mint,0,130,Utah,70,40,0,110,48,Decaf
636,35,4,8/12/2013,248,52,Small Market,Central,11,Leaves,Tea,Darjeeling,14,87,Missouri,20,40,10,60,38,Regular
573,34,2,8/13/2013,211,47,Small Market,Central,12,Leaves,Tea,Earl Grey,2,81,Missouri,20,40,0,60,45,Regular
314,33,1,8/14/2013,243,46,Small Market,Central,12,Leaves,Tea,Green Tea,1,79,Missouri,20,40,0,60,45,Regular
603,0,5,8/15/2013,387,46,Small Market,East,0,Leaves,Tea,Green Tea,35,46,New Hampshire,0,40,30,40,11,Regular
435,44,10,8/16/2013,325,69,Small Market,West,40,Leaves,Tea,Darjeeling,0,113,Utah,30,40,-10,70,69,Regular
614,29,0,8/17/2013,490,49,Major Market,Central,8,Leaves,Herbal Tea,Chamomile,30,78,Ohio,20,40,30,60,19,Decaf
440,33,4,8/18/2013,870,54,Major Market,Central,9,Leaves,Herbal Tea,Lemon,34,87,Ohio,30,40,30,70,20,Decaf
774,46,4,8/19/2013,422,64,Major Market,East,17,Leaves,Herbal Tea,Lemon,14,110,Massachusetts,30,40,10,70,50,Decaf
321,30,1,8/20/2013,882,50,Major Market,East,8,Leaves,Tea,Darjeeling,31,80,Florida,30,40,30,70,19,Regular
774,29,0,8/21/2013,490,49,Major Market,East,8,Leaves,Tea,Green Tea,30,78,Massachusetts,30,40,30,70,19,Regular
608,24,-13,8/22/2013,567,36,Small Market,Central,7,Beans,Espresso,Decaf Espresso,17,60,Wisconsin,30,40,30,70,19,Decaf
775,0,4,8/23/2013,344,46,Small Market,West,0,Beans,Espresso,Caffe Latte,34,46,Nevada,0,40,30,40,12,Regular
435,31,1,8/24/2013,844,51,Small Market,West,8,Beans,Espresso,Caffe Latte,31,82,Utah,30,40,30,70,20,Regular
715,34,6,8/25/2013,863,57,Small Market,Central,9,Leaves,Herbal Tea,Lemon,36,91,Wisconsin,30,40,30,70,21,Decaf
603,39,-2,8/26/2013,250,55,Small Market,East,14,Leaves,Herbal Tea,Lemon,8,94,New Hampshire,20,40,10,60,47,Decaf
505,31,-8,8/27/2013,1009,43,Small Market,South,9,Leaves,Herbal Tea,Lemon,12,74,New Mexico,20,40,20,60,31,Decaf
314,38,7,8/28/2013,256,57,Small Market,Central,12,Leaves,Tea,Darjeeling,17,95,Missouri,30,40,10,70,40,Regular
660,39,8,8/29/2013,250,55,Small Market,Central,14,Leaves,Tea,Green Tea,8,94,Missouri,30,40,0,70,47,Regular
603,0,5,8/30/2013,344,46,Small Market,East,0,Leaves,Tea,Green Tea,35,46,New Hampshire,0,40,30,40,11,Regular
253,41,17,8/31/2013,320,73,Small Market,West,12,Leaves,Tea,Darjeeling,37,114,Washington,30,40,20,70,36,Regular
435,38,8,9/1/2013,256,57,Small Market,West,12,Leaves,Tea,Earl Grey,18,95,Utah,20,40,10,60,39,Regular
253,43,15,9/2/2013,466,70,Small Market,West,13,Leaves,Tea,Earl Grey,35,113,Washington,30,40,20,70,35,Regular
216,51,-35,9/3/2013,503,71,Major Market,Central,46,Beans,Coffee,Decaf Irish Cream,-5,122,Ohio,40,70,30,110,76,Decaf
440,52,-34,9/4/2013,405,71,Major Market,Central,17,Beans,Coffee,Amaretto,26,123,Ohio,40,70,60,110,45,Regular
937,43,-32,9/5/2013,419,64,Major Market,Central,13,Beans,Coffee,Colombian,28,107,Ohio,30,70,60,100,36,Regular
774,51,-41,9/6/2013,542,65,Major Market,East,46,Beans,Espresso,Caffe Mocha,-11,116,Massachusetts,30,70,30,100,76,Regular
832,72,5,9/7/2013,-868,110,Major Market,South,23,Beans,Espresso,Caffe Latte,55,182,Texas,40,70,50,110,55,Regular
863,48,-14,9/8/2013,851,70,Major Market,East,13,Leaves,Tea,Green Tea,46,118,Florida,50,70,60,120,24,Regular
985,60,-12,9/9/2013,329,99,Small Market,South,18,Beans,Espresso,Caffe Mocha,58,159,Louisiana,30,70,70,100,41,Regular
971,52,-33,9/10/2013,405,71,Small Market,West,17,Beans,Espresso,Caffe Mocha,27,123,Oregon,30,70,60,100,44,Regular
253,56,-34,9/11/2013,385,70,Small Market,West,21,Beans,Espresso,Caffe Mocha,16,126,Washington,40,70,50,110,54,Regular
405,56,-34,9/12/2013,385,70,Small Market,South,21,Leaves,Herbal Tea,Chamomile,16,126,Oklahoma,40,70,50,110,54,Decaf
435,45,-37,9/13/2013,447,69,Small Market,West,14,Leaves,Herbal Tea,Lemon,23,114,Utah,20,70,60,90,46,Decaf
567,52,-13,9/14/2013,509,73,Major Market,Central,47,Beans,Coffee,Decaf Irish Cream,-3,125,Ohio,50,70,10,120,76,Decaf
614,46,-8,9/15/2013,424,68,Major Market,Central,14,Beans,Coffee,Colombian,32,114,Ohio,40,70,40,110,36,Regular
303,52,-14,9/16/2013,509,73,Major Market,Central,47,Leaves,Herbal Tea,Lemon,-4,125,Colorado,40,70,10,110,77,Decaf
720,59,-8,9/17/2013,411,79,Major Market,Central,19,Leaves,Herbal Tea,Mint,32,138,Colorado,50,70,40,120,47,Decaf
713,59,-8,9/18/2013,411,79,Major Market,South,19,Leaves,Herbal Tea,Chamomile,32,138,Texas,50,70,40,120,47,Decaf
718,50,-3,9/19/2013,589,73,Major Market,East,14,Leaves,Tea,Green Tea,47,123,New York,50,70,50,120,26,Regular
860,53,-14,9/20/2013,380,71,Small Market,East,17,Beans,Espresso,Decaf Espresso,26,124,Connecticut,50,70,40,120,45,Decaf
435,54,2,9/21/2013,885,78,Small Market,West,15,Beans,Espresso,Decaf Espresso,52,132,Utah,50,70,50,120,26,Decaf
505,43,-10,9/22/2013,452,66,Small Market,South,14,Beans,Coffee,Colombian,20,109,New Mexico,50,70,30,120,46,Regular
504,61,-9,9/23/2013,-906,86,Small Market,South,55,Beans,Espresso,Caffe Latte,1,147,Louisiana,40,70,10,110,85,Regular
541,55,-14,9/24/2013,410,69,Small Market,West,20,Beans,Espresso,Caffe Latte,16,124,Oregon,50,70,30,120,53,Regular
860,82,8,9/25/2013,601,102,Small Market,East,31,Leaves,Herbal Tea,Lemon,38,184,Connecticut,60,70,30,130,64,Decaf
715,61,2,9/26/2013,613,86,Small Market,Central,55,Leaves,Tea,Earl Grey,2,147,Wisconsin,50,70,0,120,84,Regular
425,53,-1,9/27/2013,321,88,Small Market,West,16,Leaves,Tea,Darjeeling,49,141,Washington,30,70,50,100,39,Regular
419,47,-16,9/28/2013,521,65,Major Market,Central,42,Beans,Coffee,Decaf Irish Cream,-6,112,Ohio,40,70,10,110,71,Decaf
513,54,-11,9/29/2013,424,73,Major Market,Central,17,Beans,Coffee,Amaretto,29,127,Ohio,50,70,40,120,44,Regular
512,67,17,9/30/2013,-1239,101,Major Market,South,22,Beans,Espresso,Caffe Latte,47,168,Texas,50,70,30,120,54,Regular
309,54,3,10/1/2013,601,79,Major Market,Central,15,Leaves,Tea,Darjeeling,53,133,Illinois,40,70,50,110,26,Regular
816,63,-4,10/2/2013,1075,76,Small Market,Central,19,Beans,Coffee,Decaf Irish Cream,36,139,Missouri,60,70,40,130,40,Decaf
959,49,-19,10/3/2013,392,65,Small Market,East,16,Beans,Espresso,Decaf Espresso,21,114,Connecticut,40,70,40,110,44,Decaf
435,50,-3,10/4/2013,898,73,Small Market,West,14,Beans,Espresso,Decaf Espresso,47,123,Utah,40,70,50,110,26,Decaf
603,52,-13,10/5/2013,327,75,Small Market,East,16,Beans,Coffee,Amaretto,37,127,New Hampshire,40,70,50,110,38,Regular
475,55,-12,10/6/2013,627,76,Small Market,East,49,Beans,Espresso,Caffe Mocha,-2,131,Connecticut,50,70,10,120,78,Regular
603,49,-14,10/7/2013,335,69,Small Market,East,44,Beans,Espresso,Caffe Mocha,-4,118,New Hampshire,40,70,10,110,73,Regular
503,41,-19,10/8/2013,482,57,Small Market,West,13,Beans,Coffee,Colombian,1,98,Oregon,40,70,20,110,56,Regular
503,54,-12,10/9/2013,424,73,Small Market,West,17,Beans,Espresso,Caffe Mocha,28,127,Oregon,50,70,40,120,45,Regular
405,65,2,10/10/2013,403,80,Small Market,South,24,Leaves,Herbal Tea,Chamomile,22,145,Oklahoma,60,70,20,130,58,Decaf
435,52,-4,10/11/2013,327,75,Small Market,West,16,Leaves,Herbal Tea,Chamomile,36,127,Utah,40,70,40,110,39,Decaf
801,48,-12,10/12/2013,462,74,Small Market,West,15,Leaves,Herbal Tea,Lemon,28,122,Utah,40,70,40,110,46,Decaf
425,49,-4,10/13/2013,845,71,Small Market,West,13,Leaves,Herbal Tea,Lemon,46,120,Washington,40,70,50,110,25,Decaf
860,50,-3,10/14/2013,898,73,Small Market,East,14,Leaves,Tea,Darjeeling,47,123,Connecticut,50,70,50,120,26,Regular
234,51,-27,10/15/2013,503,79,Major Market,Central,46,Beans,Coffee,Decaf Irish Cream,3,130,Ohio,40,70,30,110,76,Decaf
614,52,-26,10/16/2013,405,79,Major Market,Central,17,Beans,Coffee,Amaretto,34,131,Ohio,40,70,60,110,45,Regular
937,43,-25,10/17/2013,419,71,Major Market,Central,13,Beans,Coffee,Colombian,35,114,Ohio,30,70,60,100,36,Regular
774,51,-33,10/18/2013,542,73,Major Market,East,46,Beans,Espresso,Caffe Mocha,-3,124,Massachusetts,30,70,30,100,76,Regular
682,72,17,10/19/2013,-868,122,Major Market,South,23,Beans,Espresso,Caffe Latte,67,194,Texas,40,70,50,110,55,Regular
772,48,-6,10/20/2013,851,78,Major Market,East,13,Leaves,Tea,Green Tea,54,126,Florida,50,70,60,120,24,Regular
225,60,-2,10/21/2013,329,109,Small Market,South,18,Beans,Espresso,Caffe Mocha,68,169,Louisiana,30,70,70,100,41,Regular
541,52,-25,10/22/2013,405,79,Small Market,West,17,Beans,Espresso,Caffe Mocha,35,131,Oregon,30,70,60,100,44,Regular
425,56,-26,10/23/2013,385,78,Small Market,West,21,Beans,Espresso,Caffe Mocha,24,134,Washington,40,70,50,110,54,Regular
580,56,-26,10/24/2013,385,78,Small Market,South,21,Leaves,Herbal Tea,Chamomile,24,134,Oklahoma,40,70,50,110,54,Decaf
435,45,-30,10/25/2013,447,76,Small Market,West,14,Leaves,Herbal Tea,Lemon,30,121,Utah,20,70,60,90,46,Decaf
614,52,-5,10/26/2013,509,81,Major Market,Central,47,Beans,Coffee,Decaf Irish Cream,5,133,Ohio,50,70,10,120,76,Decaf
234,46,-1,10/27/2013,424,75,Major Market,Central,14,Beans,Coffee,Colombian,39,121,Ohio,40,70,40,110,36,Regular
970,52,-6,10/28/2013,509,81,Major Market,Central,47,Leaves,Herbal Tea,Lemon,4,133,Colorado,40,70,10,110,77,Decaf
970,59,1,10/29/2013,411,88,Major Market,Central,19,Leaves,Herbal Tea,Mint,41,147,Colorado,50,70,40,120,47,Decaf
936,59,1,10/30/2013,411,88,Major Market,South,19,Leaves,Herbal Tea,Chamomile,41,147,Texas,50,70,40,120,47,Decaf
914,50,5,10/31/2013,589,81,Major Market,East,14,Leaves,Tea,Green Tea,55,131,New York,50,70,50,120,26,Regular
203,53,-6,11/1/2013,380,79,Small Market,East,17,Beans,Espresso,Decaf Espresso,34,132,Connecticut,50,70,40,120,45,Decaf
435,54,11,11/2/2013,885,87,Small Market,West,15,Beans,Espresso,Decaf Espresso,61,141,Utah,50,70,50,120,26,Decaf
505,43,-3,11/3/2013,452,73,Small Market,South,14,Beans,Coffee,Colombian,27,116,New Mexico,50,70,30,120,46,Regular
318,61,1,11/4/2013,-906,96,Small Market,South,55,Beans,Espresso,Caffe Latte,11,157,Louisiana,40,70,10,110,85,Regular
503,55,-6,11/5/2013,410,77,Small Market,West,20,Beans,Espresso,Caffe Latte,24,132,Oregon,50,70,30,120,53,Regular
475,82,20,11/6/2013,601,114,Small Market,East,31,Leaves,Herbal Tea,Lemon,50,196,Connecticut,60,70,30,130,64,Decaf
715,61,12,11/7/2013,613,96,Small Market,Central,55,Leaves,Tea,Earl Grey,12,157,Wisconsin,50,70,0,120,84,Regular
509,53,8,11/8/2013,321,97,Small Market,West,16,Leaves,Tea,Darjeeling,58,150,Washington,30,70,50,100,39,Regular
513,47,-9,11/9/2013,521,72,Major Market,Central,42,Beans,Coffee,Decaf Irish Cream,1,119,Ohio,40,70,10,110,71,Decaf
234,54,-3,11/10/2013,424,81,Major Market,Central,17,Beans,Coffee,Amaretto,37,135,Ohio,50,70,40,120,44,Regular
361,67,28,11/11/2013,-1239,112,Major Market,South,22,Beans,Espresso,Caffe Latte,58,179,Texas,50,70,30,120,54,Regular
630,54,12,11/12/2013,601,88,Major Market,Central,15,Leaves,Tea,Darjeeling,62,142,Illinois,40,70,50,110,26,Regular
636,63,5,11/13/2013,1075,85,Small Market,Central,19,Beans,Coffee,Decaf Irish Cream,45,148,Missouri,60,70,40,130,40,Decaf
203,49,-12,11/14/2013,392,72,Small Market,East,16,Beans,Espresso,Decaf Espresso,28,121,Connecticut,40,70,40,110,44,Decaf
435,50,5,11/15/2013,898,81,Small Market,West,14,Beans,Espresso,Decaf Espresso,55,131,Utah,40,70,50,110,26,Decaf
603,52,-5,11/16/2013,327,83,Small Market,East,16,Beans,Coffee,Amaretto,45,135,New Hampshire,40,70,50,110,38,Regular
203,55,-3,11/17/2013,627,85,Small Market,East,49,Beans,Espresso,Caffe Mocha,7,140,Connecticut,50,70,10,120,78,Regular
603,49,-6,11/18/2013,335,77,Small Market,East,44,Beans,Espresso,Caffe Mocha,4,126,New Hampshire,40,70,10,110,73,Regular
541,41,-13,11/19/2013,482,63,Small Market,West,13,Beans,Coffee,Colombian,7,104,Oregon,40,70,20,110,56,Regular
503,54,-4,11/20/2013,424,81,Small Market,West,17,Beans,Espresso,Caffe Mocha,36,135,Oregon,50,70,40,120,45,Regular
405,65,12,11/21/2013,403,90,Small Market,South,24,Leaves,Herbal Tea,Chamomile,32,155,Oklahoma,60,70,20,130,58,Decaf
435,52,4,11/22/2013,327,83,Small Market,West,16,Leaves,Herbal Tea,Chamomile,44,135,Utah,40,70,40,110,39,Decaf
435,48,-4,11/23/2013,462,82,Small Market,West,15,Leaves,Herbal Tea,Lemon,36,130,Utah,40,70,40,110,46,Decaf
425,49,4,11/24/2013,845,79,Small Market,West,13,Leaves,Herbal Tea,Lemon,54,128,Washington,40,70,50,110,25,Decaf
959,50,5,11/25/2013,898,81,Small Market,East,14,Leaves,Tea,Darjeeling,55,131,Connecticut,50,70,50,120,26,Regular
937,21,-14,11/26/2013,480,32,Major Market,Central,5,Leaves,Herbal Tea,Chamomile,16,53,Ohio,0,30,30,30,16,Decaf
513,27,-10,11/27/2013,859,39,Major Market,Central,7,Leaves,Herbal Tea,Lemon,20,66,Ohio,10,30,30,40,19,Decaf
850,56,-4,11/28/2013,385,70,Major Market,East,21,Leaves,Herbal Tea,Lemon,16,126,Florida,30,30,20,60,54,Decaf
781,54,-7,11/29/2013,404,66,Major Market,East,20,Leaves,Herbal Tea,Lemon,13,120,Massachusetts,30,30,20,60,53,Decaf
413,21,-15,11/30/2013,480,32,Major Market,East,5,Leaves,Tea,Green Tea,15,53,Massachusetts,20,30,30,50,17,Regular
505,39,-6,12/1/2013,244,53,Small Market,South,12,Beans,Espresso,Decaf Espresso,14,92,New Mexico,20,30,20,50,39,Decaf
702,23,-13,12/2/2013,800,35,Small Market,West,6,Beans,Espresso,Decaf Espresso,17,58,Nevada,10,30,30,40,18,Decaf
563,21,-15,12/3/2013,846,31,Small Market,Central,5,Beans,Coffee,Amaretto,15,52,Iowa,10,30,30,40,16,Regular
603,25,-22,12/4/2013,209,31,Small Market,East,9,Beans,Espresso,Regular Espresso,-12,56,New Hampshire,10,30,10,40,43,Regular
405,21,-15,12/5/2013,480,32,Small Market,South,5,Beans,Espresso,Caffe Mocha,15,53,Oklahoma,0,30,30,30,17,Regular
702,0,2,12/6/2013,430,43,Small Market,West,0,Beans,Espresso,Caffe Latte,32,43,Nevada,0,30,30,30,11,Regular
603,34,-23,12/7/2013,240,43,Small Market,East,12,Leaves,Herbal Tea,Lemon,-3,77,New Hampshire,10,30,20,40,46,Decaf
505,21,-16,12/8/2013,846,31,Small Market,South,5,Leaves,Herbal Tea,Chamomile,14,52,New Mexico,10,30,30,40,17,Decaf
971,25,-13,12/9/2013,820,36,Small Market,West,7,Leaves,Herbal Tea,Chamomile,17,61,Oregon,10,30,30,40,19,Decaf
314,34,-13,12/10/2013,240,43,Small Market,Central,12,Leaves,Tea,Green Tea,-3,77,Missouri,10,30,10,40,46,Regular
603,21,-16,12/11/2013,846,31,Small Market,East,5,Leaves,Tea,Darjeeling,14,52,New Hampshire,20,30,30,50,17,Regular
435,39,-6,12/12/2013,244,53,Small Market,West,12,Leaves,Tea,Earl Grey,14,92,Utah,10,30,20,40,39,Regular
360,46,1,12/13/2013,449,67,Small Market,West,14,Leaves,Tea,Earl Grey,31,113,Washington,20,30,30,50,36,Regular
775,22,-3,12/14/2013,802,34,Small Market,West,6,Beans,Espresso,Decaf Espresso,17,56,Nevada,20,30,20,50,17,Decaf
505,34,6,12/15/2013,-522,42,Small Market,South,12,Beans,Espresso,Caffe Latte,-4,76,New Mexico,20,30,-10,50,46,Regular
253,22,-9,12/16/2013,570,30,Small Market,West,7,Beans,Espresso,Caffe Latte,11,52,Washington,20,30,20,50,19,Regular
603,33,-4,12/17/2013,243,41,Small Market,East,12,Leaves,Herbal Tea,Lemon,-4,74,New Hampshire,20,30,0,50,45,Decaf
505,29,-5,12/18/2013,1003,35,Small Market,South,8,Leaves,Herbal Tea,Lemon,5,64,New Mexico,20,30,10,50,30,Decaf
503,25,-1,12/19/2013,823,38,Small Market,West,7,Leaves,Herbal Tea,Chamomile,19,63,Oregon,20,30,20,50,19,Decaf
603,15,-12,12/20/2013,848,24,Small Market,East,4,Leaves,Tea,Darjeeling,8,39,New Hampshire,10,30,20,40,16,Regular
541,32,-2,12/21/2013,482,48,Small Market,West,8,Leaves,Tea,Darjeeling,28,80,Oregon,20,30,30,50,20,Regular
435,35,-1,12/22/2013,248,47,Small Market,West,11,Leaves,Tea,Earl Grey,9,82,Utah,20,30,10,50,38,Regular
801,34,-3,12/23/2013,211,42,Small Market,West,12,Leaves,Tea,Green Tea,-3,76,Utah,20,30,0,50,45,Regular
772,24,-8,12/24/2013,567,32,Major Market,East,7,Leaves,Herbal Tea,Chamomile,12,56,Florida,10,30,20,40,20,Decaf
505,38,12,12/25/2013,256,51,Small Market,South,12,Beans,Espresso,Decaf Espresso,12,89,New Mexico,30,30,0,60,39,Decaf
702,23,-3,12/26/2013,807,35,Small Market,West,6,Beans,Espresso,Decaf Espresso,17,58,Nevada,20,30,20,50,18,Decaf
641,16,-10,12/27/2013,851,25,Small Market,Central,4,Beans,Coffee,Amaretto,10,41,Iowa,10,30,20,40,15,Regular
563,31,-2,12/28/2013,1009,38,Small Market,Central,9,Beans,Coffee,Colombian,8,69,Iowa,30,30,10,60,30,Regular
603,20,-16,12/29/2013,218,25,Small Market,East,7,Beans,Espresso,Regular Espresso,-16,45,New Hampshire,10,30,0,40,41,Regular
580,29,4,12/30/2013,490,44,Small Market,South,8,Beans,Espresso,Caffe Mocha,24,73,Oklahoma,20,30,20,50,20,Regular
253,24,-7,12/31/2013,567,32,Small Market,West,7,Beans,Espresso,Caffe Latte,13,56,Washington,20,30,20,50,19,Regular
541,24,-1,1/1/2014,829,36,Small Market,West,6,Leaves,Herbal Tea,Chamomile,19,60,Oregon,20,30,20,50,17,Decaf
603,16,-10,1/2/2014,851,25,Small Market,East,4,Leaves,Tea,Darjeeling,10,41,New Hampshire,10,30,20,40,15,Regular
971,29,-5,1/3/2014,490,44,Small Market,West,8,Leaves,Tea,Darjeeling,25,73,Oregon,20,30,30,50,19,Regular
937,21,-11,1/4/2014,480,35,Major Market,Central,5,Leaves,Herbal Tea,Chamomile,19,56,Ohio,0,30,30,30,16,Decaf
937,27,-6,1/5/2014,859,43,Major Market,Central,7,Leaves,Herbal Tea,Lemon,24,70,Ohio,10,30,30,40,19,Decaf
786,56,4,1/6/2014,385,78,Major Market,East,21,Leaves,Herbal Tea,Lemon,24,134,Florida,30,30,20,60,54,Decaf
339,54,1,1/7/2014,404,74,Major Market,East,20,Leaves,Herbal Tea,Lemon,21,128,Massachusetts,30,30,20,60,53,Decaf
781,21,-12,1/8/2014,480,35,Major Market,East,5,Leaves,Tea,Green Tea,18,56,Massachusetts,20,30,30,50,17,Regular
505,39,0,1/9/2014,244,59,Small Market,South,12,Beans,Espresso,Decaf Espresso,20,98,New Mexico,20,30,20,50,39,Decaf
775,23,-9,1/10/2014,800,39,Small Market,West,6,Beans,Espresso,Decaf Espresso,21,62,Nevada,10,30,30,40,18,Decaf
515,21,-12,1/11/2014,846,34,Small Market,Central,5,Beans,Coffee,Amaretto,18,55,Iowa,10,30,30,40,16,Regular
603,25,-18,1/12/2014,209,35,Small Market,East,9,Beans,Espresso,Regular Espresso,-8,60,New Hampshire,10,30,10,40,43,Regular
580,21,-12,1/13/2014,480,35,Small Market,South,5,Beans,Espresso,Caffe Mocha,18,56,Oklahoma,0,30,30,30,17,Regular
702,0,5,1/14/2014,430,46,Small Market,West,0,Beans,Espresso,Caffe Latte,35,46,Nevada,0,30,30,30,11,Regular
603,34,-18,1/15/2014,240,48,Small Market,East,12,Leaves,Herbal Tea,Lemon,2,82,New Hampshire,10,30,20,40,46,Decaf
505,21,-13,1/16/2014,846,34,Small Market,South,5,Leaves,Herbal Tea,Chamomile,17,55,New Mexico,10,30,30,40,17,Decaf
971,25,-9,1/17/2014,820,40,Small Market,West,7,Leaves,Herbal Tea,Chamomile,21,65,Oregon,10,30,30,40,19,Decaf
314,34,-8,1/18/2014,240,48,Small Market,Central,12,Leaves,Tea,Green Tea,2,82,Missouri,10,30,10,40,46,Regular
603,21,-13,1/19/2014,846,34,Small Market,East,5,Leaves,Tea,Darjeeling,17,55,New Hampshire,20,30,30,50,17,Regular
435,39,0,1/20/2014,244,59,Small Market,West,12,Leaves,Tea,Earl Grey,20,98,Utah,10,30,20,40,39,Regular
509,46,8,1/21/2014,449,74,Small Market,West,14,Leaves,Tea,Earl Grey,38,120,Washington,20,30,30,50,36,Regular
775,22,1,1/22/2014,802,38,Small Market,West,6,Beans,Espresso,Decaf Espresso,21,60,Nevada,20,30,20,50,17,Decaf
505,34,11,1/23/2014,-522,47,Small Market,South,12,Beans,Espresso,Caffe Latte,1,81,New Mexico,20,30,-10,50,46,Regular
425,22,-6,1/24/2014,570,33,Small Market,West,7,Beans,Espresso,Caffe Latte,14,55,Washington,20,30,20,50,19,Regular
603,33,1,1/25/2014,243,46,Small Market,East,12,Leaves,Herbal Tea,Lemon,1,79,New Hampshire,20,30,0,50,45,Decaf
505,29,-1,1/26/2014,1003,39,Small Market,South,8,Leaves,Herbal Tea,Lemon,9,68,New Mexico,20,30,10,50,30,Decaf
541,25,3,1/27/2014,823,42,Small Market,West,7,Leaves,Herbal Tea,Chamomile,23,67,Oregon,20,30,20,50,19,Decaf
603,15,-9,1/28/2014,848,27,Small Market,East,4,Leaves,Tea,Darjeeling,11,42,New Hampshire,10,30,20,40,16,Regular
503,32,3,1/29/2014,482,53,Small Market,West,8,Leaves,Tea,Darjeeling,33,85,Oregon,20,30,30,50,20,Regular
435,35,4,1/30/2014,248,52,Small Market,West,11,Leaves,Tea,Earl Grey,14,87,Utah,20,30,10,50,38,Regular
435,34,2,1/31/2014,211,47,Small Market,West,12,Leaves,Tea,Green Tea,2,81,Utah,20,30,0,50,45,Regular
904,24,-4,2/1/2014,567,36,Major Market,East,7,Leaves,Herbal Tea,Chamomile,16,60,Florida,10,30,20,40,20,Decaf
505,38,18,2/2/2014,256,57,Small Market,South,12,Beans,Espresso,Decaf Espresso,18,95,New Mexico,30,30,0,60,39,Decaf
775,23,1,2/3/2014,807,39,Small Market,West,6,Beans,Espresso,Decaf Espresso,21,62,Nevada,20,30,20,50,18,Decaf
563,16,-7,2/4/2014,851,28,Small Market,Central,4,Beans,Coffee,Amaretto,13,44,Iowa,10,30,20,40,15,Regular
641,31,3,2/5/2014,1009,43,Small Market,Central,9,Beans,Coffee,Colombian,13,74,Iowa,30,30,10,60,30,Regular
603,20,-13,2/6/2014,218,28,Small Market,East,7,Beans,Espresso,Regular Espresso,-13,48,New Hampshire,10,30,0,40,41,Regular
580,29,9,2/7/2014,490,49,Small Market,South,8,Beans,Espresso,Caffe Mocha,29,78,Oklahoma,20,30,20,50,20,Regular
206,24,-3,2/8/2014,567,36,Small Market,West,7,Beans,Espresso,Caffe Latte,17,60,Washington,20,30,20,50,19,Regular
503,24,3,2/9/2014,829,40,Small Market,West,6,Leaves,Herbal Tea,Chamomile,23,64,Oregon,20,30,20,50,17,Decaf
603,16,-7,2/10/2014,851,28,Small Market,East,4,Leaves,Tea,Darjeeling,13,44,New Hampshire,10,30,20,40,15,Regular
541,29,0,2/11/2014,490,49,Small Market,West,8,Leaves,Tea,Darjeeling,30,78,Oregon,20,30,30,50,19,Regular
915,76,-2,2/12/2014,580,111,Major Market,South,21,Beans,Espresso,Decaf Espresso,78,187,Texas,40,80,80,120,33,Decaf
713,52,-44,2/13/2014,405,71,Major Market,South,17,Leaves,Herbal Tea,Chamomile,26,123,Texas,30,80,70,110,45,Decaf
217,76,-2,2/14/2014,580,111,Major Market,Central,21,Leaves,Tea,Darjeeling,78,187,Illinois,50,80,80,130,33,Regular
847,72,5,2/15/2014,650,110,Major Market,Central,23,Leaves,Tea,Earl Grey,55,182,Illinois,50,80,50,130,55,Regular
660,65,-35,2/16/2014,1053,77,Small Market,Central,20,Beans,Coffee,Decaf Irish Cream,35,142,Missouri,50,80,70,130,42,Decaf
660,32,-52,2/17/2014,833,47,Small Market,Central,8,Beans,Espresso,Decaf Espresso,28,79,Missouri,30,80,80,110,19,Decaf
405,82,5,2/18/2014,788,123,Small Market,South,27,Beans,Espresso,Decaf Espresso,65,205,Oklahoma,50,80,60,130,58,Decaf
715,56,-35,2/19/2014,385,70,Small Market,Central,21,Beans,Coffee,Amaretto,15,126,Wisconsin,40,80,50,120,55,Regular
405,91,6,2/20/2014,-1785,127,Small Market,South,28,Beans,Espresso,Caffe Latte,76,218,Oklahoma,50,80,70,130,51,Regular
414,60,-23,2/21/2014,329,99,Small Market,Central,18,Leaves,Herbal Tea,Chamomile,57,159,Wisconsin,40,80,80,120,42,Decaf
419,55,-24,2/22/2014,410,69,Major Market,Central,20,Beans,Espresso,Decaf Espresso,16,124,Ohio,70,80,40,150,53,Decaf
330,59,-17,2/23/2014,411,79,Major Market,Central,19,Beans,Coffee,Amaretto,33,138,Ohio,50,80,50,130,46,Regular
650,75,19,2/24/2014,659,114,Major Market,West,24,Leaves,Tea,Green Tea,59,189,California,50,80,40,130,55,Regular
314,69,-2,2/25/2014,1060,81,Small Market,Central,21,Beans,Coffee,Decaf Irish Cream,38,150,Missouri,60,80,40,140,43,Decaf
503,46,-18,2/26/2014,424,68,Small Market,West,14,Beans,Coffee,Decaf Irish Cream,32,114,Oregon,50,80,50,130,36,Decaf
206,75,5,2/27/2014,1063,89,Small Market,West,23,Beans,Espresso,Decaf Espresso,45,164,Washington,70,80,40,150,44,Decaf
203,61,-8,2/28/2014,613,86,Small Market,East,55,Beans,Espresso,Caffe Mocha,2,147,Connecticut,60,80,10,140,84,Regular
225,47,-16,3/1/2014,834,68,Small Market,South,13,Beans,Coffee,Colombian,44,115,Louisiana,50,80,60,130,24,Regular
541,52,-14,3/2/2014,509,73,Small Market,West,47,Beans,Coffee,Amaretto,-4,125,Oregon,60,80,10,140,77,Regular
435,53,-23,3/3/2014,380,71,Small Market,West,17,Beans,Coffee,Colombian,27,124,Utah,60,80,50,140,44,Regular
503,59,-17,3/4/2014,411,79,Small Market,West,19,Beans,Espresso,Caffe Mocha,33,138,Oregon,50,80,50,130,46,Regular
920,53,-2,3/5/2014,321,88,Small Market,Central,16,Leaves,Herbal Tea,Chamomile,48,141,Wisconsin,50,80,50,130,40,Decaf
959,54,-9,3/6/2014,885,78,Small Market,East,15,Leaves,Tea,Darjeeling,51,132,Connecticut,50,80,60,130,27,Regular
740,46,-34,3/7/2014,422,57,Major Market,Central,17,Beans,Espresso,Decaf Espresso,6,103,Ohio,50,80,40,130,51,Decaf
630,67,7,3/8/2014,677,101,Major Market,Central,22,Leaves,Tea,Earl Grey,47,168,Illinois,50,80,40,130,54,Regular
518,54,-8,3/9/2014,601,79,Major Market,East,15,Leaves,Tea,Green Tea,52,133,New York,50,80,60,130,27,Regular
213,67,-3,3/10/2014,677,101,Major Market,West,22,Leaves,Tea,Green Tea,47,168,California,40,80,50,120,54,Regular
503,41,-25,3/11/2014,435,60,Small Market,West,13,Beans,Coffee,Decaf Irish Cream,25,101,Oregon,40,80,50,120,35,Decaf
715,65,-8,3/12/2014,403,80,Small Market,Central,24,Beans,Coffee,Amaretto,22,145,Wisconsin,60,80,30,140,58,Regular
503,47,-27,3/13/2014,521,65,Small Market,West,42,Beans,Coffee,Amaretto,-7,112,Oregon,50,80,20,130,72,Regular
801,49,-29,3/14/2014,392,65,Small Market,West,16,Beans,Coffee,Colombian,21,114,Utah,50,80,50,130,44,Regular
509,65,-7,3/15/2014,403,80,Small Market,West,24,Beans,Espresso,Caffe Mocha,23,145,Washington,60,80,30,140,57,Regular
985,68,-4,3/16/2014,619,85,Small Market,South,25,Leaves,Herbal Tea,Lemon,26,153,Louisiana,60,80,30,140,59,Decaf
432,76,10,3/17/2014,580,123,Major Market,South,21,Beans,Espresso,Decaf Espresso,90,199,Texas,40,80,80,120,33,Decaf
325,52,-36,3/18/2014,405,79,Major Market,South,17,Leaves,Herbal Tea,Chamomile,34,131,Texas,30,80,70,110,45,Decaf
815,76,10,3/19/2014,580,123,Major Market,Central,21,Leaves,Tea,Darjeeling,90,199,Illinois,50,80,80,130,33,Regular
815,72,17,3/20/2014,650,122,Major Market,Central,23,Leaves,Tea,Earl Grey,67,194,Illinois,50,80,50,130,55,Regular
636,65,-26,3/21/2014,1053,86,Small Market,Central,20,Beans,Coffee,Decaf Irish Cream,44,151,Missouri,50,80,70,130,42,Decaf
417,32,-47,3/22/2014,833,52,Small Market,Central,8,Beans,Espresso,Decaf Espresso,33,84,Missouri,30,80,80,110,19,Decaf
405,82,18,3/23/2014,788,136,Small Market,South,27,Beans,Espresso,Decaf Espresso,78,218,Oklahoma,50,80,60,130,58,Decaf
414,56,-27,3/24/2014,385,78,Small Market,Central,21,Beans,Coffee,Amaretto,23,134,Wisconsin,40,80,50,120,55,Regular
405,91,20,3/25/2014,-1785,141,Small Market,South,28,Beans,Espresso,Caffe Latte,90,232,Oklahoma,50,80,70,130,51,Regular
715,60,-13,3/26/2014,329,109,Small Market,Central,18,Leaves,Herbal Tea,Chamomile,67,169,Wisconsin,40,80,80,120,42,Decaf
937,55,-16,3/27/2014,410,77,Major Market,Central,20,Beans,Espresso,Decaf Espresso,24,132,Ohio,70,80,40,150,53,Decaf
234,59,-8,3/28/2014,411,88,Major Market,Central,19,Beans,Coffee,Amaretto,42,147,Ohio,50,80,50,130,46,Regular
209,75,31,3/29/2014,659,126,Major Market,West,24,Leaves,Tea,Green Tea,71,201,California,50,80,40,130,55,Regular
417,69,8,3/30/2014,1060,91,Small Market,Central,21,Beans,Coffee,Decaf Irish Cream,48,160,Missouri,60,80,40,140,43,Decaf
503,46,-11,3/31/2014,424,75,Small Market,West,14,Beans,Coffee,Decaf Irish Cream,39,121,Oregon,50,80,50,130,36,Decaf
425,75,16,4/1/2014,1063,100,Small Market,West,23,Beans,Espresso,Decaf Espresso,56,175,Washington,70,80,40,150,44,Decaf
475,61,2,4/2/2014,613,96,Small Market,East,55,Beans,Espresso,Caffe Mocha,12,157,Connecticut,60,80,10,140,84,Regular
318,47,-8,4/3/2014,834,76,Small Market,South,13,Beans,Coffee,Colombian,52,123,Louisiana,50,80,60,130,24,Regular
971,52,-6,4/4/2014,509,81,Small Market,West,47,Beans,Coffee,Amaretto,4,133,Oregon,60,80,10,140,77,Regular
435,53,-15,4/5/2014,380,79,Small Market,West,17,Beans,Coffee,Colombian,35,132,Utah,60,80,50,140,44,Regular
541,59,-8,4/6/2014,411,88,Small Market,West,19,Beans,Espresso,Caffe Mocha,42,147,Oregon,50,80,50,130,46,Regular
262,53,7,4/7/2014,321,97,Small Market,Central,16,Leaves,Herbal Tea,Chamomile,57,150,Wisconsin,50,80,50,130,40,Decaf
860,54,0,4/8/2014,885,87,Small Market,East,15,Leaves,Tea,Darjeeling,60,141,Connecticut,50,80,60,130,27,Regular
419,46,-27,4/9/2014,422,64,Major Market,Central,17,Beans,Espresso,Decaf Espresso,13,110,Ohio,50,80,40,130,51,Decaf
708,67,18,4/10/2014,677,112,Major Market,Central,22,Leaves,Tea,Earl Grey,58,179,Illinois,50,80,40,130,54,Regular
585,54,1,4/11/2014,601,88,Major Market,East,15,Leaves,Tea,Green Tea,61,142,New York,50,80,60,130,27,Regular
510,67,8,4/12/2014,677,112,Major Market,West,22,Leaves,Tea,Green Tea,58,179,California,40,80,50,120,54,Regular
541,41,-18,4/13/2014,435,67,Small Market,West,13,Beans,Coffee,Decaf Irish Cream,32,108,Oregon,40,80,50,120,35,Decaf
920,65,2,4/14/2014,403,90,Small Market,Central,24,Beans,Coffee,Amaretto,32,155,Wisconsin,60,80,30,140,58,Regular
541,47,-20,4/15/2014,521,72,Small Market,West,42,Beans,Coffee,Amaretto,0,119,Oregon,50,80,20,130,72,Regular
435,49,-22,4/16/2014,392,72,Small Market,West,16,Beans,Coffee,Colombian,28,121,Utah,50,80,50,130,44,Regular
509,65,3,4/17/2014,403,90,Small Market,West,24,Beans,Espresso,Caffe Mocha,33,155,Washington,60,80,30,140,57,Regular
318,68,6,4/18/2014,619,95,Small Market,South,25,Leaves,Herbal Tea,Lemon,36,163,Louisiana,60,80,30,140,59,Decaf
214,39,-54,4/19/2014,541,51,Major Market,South,12,Beans,Coffee,Decaf Irish Cream,26,90,Texas,40,90,80,130,25,Decaf
936,239,-155,4/20/2014,1246,281,Major Market,South,74,Beans,Coffee,Colombian,185,520,Texas,350,420,340,770,96,Regular
210,123,33,4/21/2014,915,179,Major Market,South,34,Beans,Espresso,Caffe Mocha,133,302,Texas,70,120,100,190,46,Regular
225,48,-35,4/22/2014,851,70,Small Market,South,13,Beans,Coffee,Decaf Irish Cream,45,118,Louisiana,70,90,80,160,25,Decaf
225,48,-33,4/23/2014,829,71,Small Market,South,13,Beans,Coffee,Colombian,47,119,Louisiana,70,90,80,160,24,Regular
505,45,-57,4/24/2014,447,69,Small Market,South,14,Beans,Coffee,Colombian,23,114,New Mexico,50,110,80,160,46,Regular
918,90,-66,4/25/2014,572,115,Small Market,South,29,Beans,Coffee,Colombian,74,205,Oklahoma,130,160,140,290,41,Regular
505,25,-22,4/26/2014,-466,31,Small Market,South,9,Beans,Espresso,Caffe Latte,-12,56,New Mexico,10,20,10,30,43,Regular
225,103,-23,4/27/2014,564,133,Small Market,South,33,Leaves,Herbal Tea,Chamomile,87,236,Louisiana,80,130,110,210,46,Decaf
504,79,-26,4/28/2014,593,98,Small Market,South,30,Leaves,Herbal Tea,Lemon,34,177,Louisiana,60,90,60,150,64,Decaf
405,96,-23,4/29/2014,683,134,Small Market,South,87,Leaves,Herbal Tea,Lemon,17,230,Oklahoma,80,120,40,200,117,Decaf
956,225,-56,4/30/2014,1272,265,Major Market,South,69,Beans,Coffee,Colombian,174,490,Texas,260,320,230,580,91,Regular
817,75,19,5/1/2014,-1050,114,Major Market,South,24,Beans,Espresso,Caffe Latte,59,189,Texas,50,90,40,140,55,Regular
409,118,27,5/2/2014,930,172,Major Market,South,33,Beans,Espresso,Caffe Mocha,127,290,Texas,90,130,100,220,45,Regular
918,78,22,5/3/2014,798,119,Small Market,South,25,Beans,Espresso,Decaf Espresso,62,197,Oklahoma,60,90,40,150,57,Decaf
918,88,-19,5/4/2014,561,112,Small Market,South,29,Beans,Coffee,Colombian,71,200,Oklahoma,100,130,90,230,41,Regular
918,102,29,5/5/2014,-2003,143,Small Market,South,31,Beans,Espresso,Caffe Latte,89,245,Oklahoma,80,100,60,180,54,Regular
337,101,5,5/6/2014,552,130,Small Market,South,33,Leaves,Herbal Tea,Chamomile,85,231,Louisiana,90,120,80,210,45,Decaf
505,15,-1,5/7/2014,848,24,Small Market,South,4,Leaves,Herbal Tea,Chamomile,9,39,New Mexico,10,20,10,30,15,Decaf
337,82,-2,5/8/2014,601,102,Small Market,South,31,Leaves,Herbal Tea,Lemon,38,184,Louisiana,70,100,40,170,64,Decaf
580,94,-5,5/9/2014,694,130,Small Market,South,85,Leaves,Herbal Tea,Lemon,15,224,Oklahoma,80,120,20,200,115,Decaf
972,241,-52,5/10/2014,1321,284,Major Market,South,74,Beans,Coffee,Colombian,188,525,Texas,280,340,240,620,96,Regular
972,123,23,5/11/2014,959,179,Major Market,South,34,Beans,Espresso,Caffe Mocha,133,302,Texas,90,140,110,230,46,Regular
505,92,-24,5/12/2014,1898,68,Small Market,South,28,Beans,Coffee,Decaf Irish Cream,16,160,New Mexico,100,90,40,190,52,Decaf
405,88,12,5/13/2014,817,133,Small Market,South,29,Beans,Espresso,Decaf Espresso,72,221,Oklahoma,60,110,60,170,61,Decaf
318,49,-24,5/14/2014,845,71,Small Market,South,13,Beans,Coffee,Colombian,46,120,Louisiana,50,90,70,140,25,Regular
505,48,-23,5/15/2014,462,74,Small Market,South,15,Beans,Coffee,Colombian,27,122,New Mexico,50,90,50,140,47,Regular
405,81,-34,5/16/2014,551,104,Small Market,South,26,Beans,Coffee,Colombian,66,185,Oklahoma,90,130,100,220,38,Regular
505,20,-5,5/17/2014,-598,25,Small Market,South,7,Beans,Espresso,Caffe Latte,-15,45,New Mexico,10,20,-10,30,40,Regular
918,134,31,5/18/2014,-2248,186,Small Market,South,41,Beans,Espresso,Caffe Latte,121,320,Oklahoma,100,140,90,240,65,Regular
225,94,7,5/19/2014,540,120,Small Market,South,31,Leaves,Herbal Tea,Chamomile,77,214,Louisiana,80,110,70,190,43,Decaf
505,16,-1,5/20/2014,851,25,Small Market,South,4,Leaves,Herbal Tea,Chamomile,9,41,New Mexico,10,20,10,30,16,Decaf
580,105,-10,5/21/2014,716,145,Small Market,South,95,Leaves,Herbal Tea,Lemon,20,250,Oklahoma,90,140,30,230,125,Decaf
281,39,-48,5/22/2014,541,57,Major Market,South,12,Beans,Coffee,Decaf Irish Cream,32,96,Texas,40,90,80,130,25,Decaf
432,239,-121,5/23/2014,1246,315,Major Market,South,74,Beans,Coffee,Colombian,219,554,Texas,350,420,340,770,96,Regular
817,123,53,5/24/2014,915,199,Major Market,South,34,Beans,Espresso,Caffe Mocha,153,322,Texas,70,120,100,190,46,Regular
985,48,-27,5/25/2014,851,78,Small Market,South,13,Beans,Coffee,Decaf Irish Cream,53,126,Louisiana,70,90,80,160,25,Decaf
337,48,-25,5/26/2014,829,79,Small Market,South,13,Beans,Coffee,Colombian,55,127,Louisiana,70,90,80,160,24,Regular
505,45,-50,5/27/2014,447,76,Small Market,South,14,Beans,Coffee,Colombian,30,121,New Mexico,50,110,80,160,46,Regular
918,90,-53,5/28/2014,572,128,Small Market,South,29,Beans,Coffee,Colombian,87,218,Oklahoma,130,160,140,290,41,Regular
505,25,-18,5/29/2014,-466,35,Small Market,South,9,Beans,Espresso,Caffe Latte,-8,60,New Mexico,10,20,10,30,43,Regular
318,103,-8,5/30/2014,564,148,Small Market,South,33,Leaves,Herbal Tea,Chamomile,102,251,Louisiana,80,130,110,210,46,Decaf
225,79,-14,5/31/2014,593,110,Small Market,South,30,Leaves,Herbal Tea,Lemon,46,189,Louisiana,60,90,60,150,64,Decaf
918,96,-8,6/1/2014,683,149,Small Market,South,87,Leaves,Herbal Tea,Lemon,32,245,Oklahoma,80,120,40,200,117,Decaf
432,225,-24,6/2/2014,1272,297,Major Market,South,69,Beans,Coffee,Colombian,206,522,Texas,260,320,230,580,91,Regular
806,75,31,6/3/2014,-1050,126,Major Market,South,24,Beans,Espresso,Caffe Latte,71,201,Texas,50,90,40,140,55,Regular
915,118,46,6/4/2014,930,191,Major Market,South,33,Beans,Espresso,Caffe Mocha,146,309,Texas,90,130,100,220,45,Regular
580,78,35,6/5/2014,798,132,Small Market,South,25,Beans,Espresso,Decaf Espresso,75,210,Oklahoma,60,90,40,150,57,Decaf
918,88,-6,6/6/2014,561,125,Small Market,South,29,Beans,Coffee,Colombian,84,213,Oklahoma,100,130,90,230,41,Regular
405,102,45,6/7/2014,-2003,159,Small Market,South,31,Beans,Espresso,Caffe Latte,105,261,Oklahoma,80,100,60,180,54,Regular
985,101,20,6/8/2014,552,145,Small Market,South,33,Leaves,Herbal Tea,Chamomile,100,246,Louisiana,90,120,80,210,45,Decaf
505,15,2,6/9/2014,848,27,Small Market,South,4,Leaves,Herbal Tea,Chamomile,12,42,New Mexico,10,20,10,30,15,Decaf
337,82,10,6/10/2014,601,114,Small Market,South,31,Leaves,Herbal Tea,Lemon,50,196,Louisiana,70,100,40,170,64,Decaf
405,94,10,6/11/2014,694,145,Small Market,South,85,Leaves,Herbal Tea,Lemon,30,239,Oklahoma,80,120,20,200,115,Decaf
409,241,-18,6/12/2014,1321,318,Major Market,South,74,Beans,Coffee,Colombian,222,559,Texas,280,340,240,620,96,Regular
254,123,43,6/13/2014,959,199,Major Market,South,34,Beans,Espresso,Caffe Mocha,153,322,Texas,90,140,110,230,46,Regular
505,92,-13,6/14/2014,1898,79,Small Market,South,28,Beans,Coffee,Decaf Irish Cream,27,171,New Mexico,100,90,40,190,52,Decaf
918,88,27,6/15/2014,817,148,Small Market,South,29,Beans,Espresso,Decaf Espresso,87,236,Oklahoma,60,110,60,170,61,Decaf
985,49,-16,6/16/2014,845,79,Small Market,South,13,Beans,Coffee,Colombian,54,128,Louisiana,50,90,70,140,25,Regular
505,48,-15,6/17/2014,462,82,Small Market,South,15,Beans,Coffee,Colombian,35,130,New Mexico,50,90,50,140,47,Regular
580,81,-22,6/18/2014,551,116,Small Market,South,26,Beans,Coffee,Colombian,78,197,Oklahoma,90,130,100,220,38,Regular
505,20,-2,6/19/2014,-598,28,Small Market,South,7,Beans,Espresso,Caffe Latte,-12,48,New Mexico,10,20,-10,30,40,Regular
918,134,52,6/20/2014,-2248,207,Small Market,South,41,Beans,Espresso,Caffe Latte,142,341,Oklahoma,100,140,90,240,65,Regular
985,94,21,6/21/2014,540,134,Small Market,South,31,Leaves,Herbal Tea,Chamomile,91,228,Louisiana,80,110,70,190,43,Decaf
505,16,2,6/22/2014,851,28,Small Market,South,4,Leaves,Herbal Tea,Chamomile,12,44,New Mexico,10,20,10,30,16,Decaf
580,105,6,6/23/2014,716,161,Small Market,South,95,Leaves,Herbal Tea,Lemon,36,266,Oklahoma,90,140,30,230,125,Decaf
860,125,-15,6/24/2014,1119,188,Small Market,East,41,Beans,Coffee,Colombian,115,313,Connecticut,100,160,130,260,73,Regular
203,60,-39,6/25/2014,606,84,Small Market,East,54,Beans,Espresso,Caffe Mocha,1,144,Connecticut,40,90,40,130,83,Regular
203,130,-8,6/26/2014,1134,195,Small Market,East,42,Beans,Coffee,Colombian,122,325,Connecticut,110,180,130,290,73,Regular
203,115,-5,6/27/2014,1166,174,Small Market,East,37,Beans,Coffee,Colombian,105,289,Connecticut,100,160,110,260,69,Regular
203,125,6,6/28/2014,1119,209,Small Market,East,41,Beans,Coffee,Colombian,136,334,Connecticut,100,160,130,260,73,Regular
959,60,-30,6/29/2014,606,93,Small Market,East,54,Beans,Espresso,Caffe Mocha,10,153,Connecticut,40,90,40,130,83,Regular
203,130,13,6/30/2014,1134,216,Small Market,East,42,Beans,Coffee,Colombian,143,346,Connecticut,110,180,130,290,73,Regular
959,115,14,7/1/2014,1166,193,Small Market,East,37,Beans,Coffee,Colombian,124,308,Connecticut,100,160,110,260,69,Regular
561,91,-14,7/2/2014,656,127,Major Market,East,28,Beans,Coffee,Decaf Irish Cream,76,218,Florida,70,110,90,180,51,Decaf
239,86,-30,7/3/2014,547,116,Major Market,East,28,Beans,Espresso,Decaf Espresso,60,202,Florida,70,110,90,180,56,Decaf
407,82,-26,7/4/2014,788,123,Major Market,East,27,Beans,Coffee,Colombian,64,205,Florida,60,110,90,170,59,Regular
857,72,18,7/5/2014,-3004,402,Major Market,East,23,Beans,Coffee,Colombian,348,474,Massachusetts,50,350,330,400,54,Regular
315,260,17,7/6/2014,2548,390,Major Market,East,91,Beans,Coffee,Colombian,247,650,New York,210,330,230,540,143,Regular
239,96,-32,7/7/2014,683,134,Major Market,East,87,Beans,Espresso,Caffe Mocha,18,230,Florida,80,130,50,210,116,Regular
845,125,-32,7/8/2014,3142,-56,Major Market,East,113,Beans,Espresso,Caffe Mocha,-202,69,New York,110,-60,-170,50,146,Regular
781,161,-28,7/9/2014,1267,161,Major Market,East,45,Beans,Espresso,Regular Espresso,92,322,Massachusetts,140,160,120,300,69,Regular
718,239,-15,7/10/2014,1197,526,Major Market,East,66,Beans,Espresso,Regular Espresso,435,765,New York,210,510,450,720,91,Regular
386,22,-10,7/11/2014,573,29,Major Market,East,7,Leaves,Herbal Tea,Chamomile,10,51,Florida,0,20,20,20,19,Decaf
845,255,59,7/12/2014,1622,258,Major Market,East,96,Leaves,Herbal Tea,Lemon,129,513,New York,140,150,70,290,129,Decaf
315,239,-70,7/13/2014,4360,-75,Major Market,East,74,Leaves,Herbal Tea,Mint,-170,164,New York,130,-50,-100,80,95,Decaf
516,108,-25,7/14/2014,971,157,Major Market,East,30,Leaves,Tea,Darjeeling,115,265,New York,110,170,140,280,42,Regular
716,123,-26,7/15/2014,915,179,Major Market,East,34,Leaves,Tea,Earl Grey,134,302,New York,130,190,160,320,45,Regular
518,76,-22,7/16/2014,580,111,Major Market,East,21,Leaves,Tea,Green Tea,78,187,New York,80,120,100,200,33,Regular
772,102,-1,7/17/2014,666,143,Major Market,East,31,Beans,Coffee,Decaf Irish Cream,89,245,Florida,90,130,90,220,54,Decaf
561,77,-9,7/18/2014,557,103,Major Market,East,25,Beans,Espresso,Decaf Espresso,51,180,Florida,70,100,60,170,52,Decaf
754,78,3,7/19/2014,798,119,Major Market,East,25,Beans,Coffee,Colombian,63,197,Florida,70,100,60,170,56,Regular
978,75,24,7/20/2014,-3287,379,Major Market,East,24,Beans,Coffee,Colombian,324,454,Massachusetts,60,340,300,400,55,Regular
347,249,6,7/21/2014,2580,374,Major Market,East,87,Beans,Coffee,Colombian,236,623,New York,220,340,230,560,138,Regular
754,94,-5,7/22/2014,694,130,Major Market,East,85,Beans,Espresso,Caffe Mocha,15,224,Florida,90,120,20,210,115,Regular
347,121,-12,7/23/2014,3385,-60,Major Market,East,109,Beans,Espresso,Caffe Mocha,-202,61,New York,110,-60,-190,50,142,Regular
508,181,-12,7/24/2014,1283,182,Major Market,East,50,Beans,Espresso,Regular Espresso,108,363,Massachusetts,170,180,120,350,74,Regular
646,211,-9,7/25/2014,933,464,Major Market,East,59,Beans,Espresso,Regular Espresso,381,675,New York,200,460,390,660,83,Regular
561,22,1,7/26/2014,570,30,Major Market,East,7,Leaves,Herbal Tea,Chamomile,11,52,Florida,10,20,10,30,19,Decaf
631,245,64,7/27/2014,1704,331,Major Market,East,93,Leaves,Herbal Tea,Lemon,204,576,New York,180,240,140,420,127,Decaf
914,225,-36,7/28/2014,4742,-65,Major Market,East,69,Leaves,Herbal Tea,Mint,-156,160,New York,160,-50,-120,110,91,Decaf
518,81,-6,7/29/2014,984,117,Major Market,East,22,Leaves,Tea,Darjeeling,84,198,New York,80,120,90,200,33,Regular
315,118,-3,7/30/2014,930,172,Major Market,East,33,Leaves,Tea,Earl Grey,127,290,New York,120,170,130,290,45,Regular
813,134,12,7/31/2014,690,186,Major Market,East,41,Beans,Coffee,Decaf Irish Cream,122,320,Florida,120,160,110,280,64,Decaf
407,83,-12,8/1/2014,575,112,Major Market,East,27,Beans,Espresso,Decaf Espresso,58,195,Florida,80,110,70,190,54,Decaf
754,88,-7,8/2/2014,817,133,Major Market,East,29,Beans,Coffee,Colombian,73,221,Florida,70,120,80,190,60,Regular
351,67,30,8/3/2014,-3534,443,Major Market,East,22,Beans,Coffee,Colombian,390,510,Massachusetts,60,390,360,450,53,Regular
845,279,21,8/4/2014,2642,420,Major Market,East,97,Beans,Coffee,Colombian,271,699,New York,250,370,250,620,149,Regular
305,105,-9,8/5/2014,716,145,Major Market,East,95,Beans,Espresso,Caffe Mocha,21,250,Florida,100,140,30,240,124,Regular
212,135,-14,8/6/2014,3641,-69,Major Market,East,122,Beans,Espresso,Caffe Mocha,-224,66,New York,130,-70,-210,60,155,Regular
351,153,7,8/7/2014,1319,153,Major Market,East,42,Beans,Espresso,Regular Espresso,87,306,Massachusetts,150,140,80,290,66,Regular
718,250,-8,8/8/2014,723,407,Major Market,East,70,Beans,Espresso,Regular Espresso,312,657,New York,240,400,320,640,95,Regular
607,294,99,8/9/2014,1727,453,Major Market,East,111,Leaves,Herbal Tea,Lemon,309,747,New York,220,320,210,540,144,Decaf
716,241,-39,8/10/2014,5121,-93,Major Market,East,74,Leaves,Herbal Tea,Mint,-189,148,New York,180,-80,-150,100,96,Decaf
716,86,-1,8/11/2014,1003,124,Major Market,East,24,Leaves,Tea,Darjeeling,89,210,New York,90,120,90,210,35,Regular
718,123,-17,8/12/2014,959,179,Major Market,East,34,Leaves,Tea,Earl Grey,133,302,New York,120,190,150,310,46,Regular
772,91,0,8/13/2014,656,141,Major Market,East,28,Beans,Coffee,Decaf Irish Cream,90,232,Florida,70,110,90,180,51,Decaf
321,86,-17,8/14/2014,547,129,Major Market,East,28,Beans,Espresso,Decaf Espresso,73,215,Florida,70,110,90,180,56,Decaf
954,82,-13,8/15/2014,788,136,Major Market,East,27,Beans,Coffee,Colombian,77,218,Florida,60,110,90,170,59,Regular
857,72,49,8/16/2014,-3004,433,Major Market,East,23,Beans,Coffee,Colombian,379,505,Massachusetts,50,350,330,400,54,Regular
716,260,60,8/17/2014,2548,433,Major Market,East,91,Beans,Coffee,Colombian,290,693,New York,210,330,230,540,143,Regular
727,96,-17,8/18/2014,683,149,Major Market,East,87,Beans,Espresso,Caffe Mocha,33,245,Florida,80,130,50,210,116,Regular
914,125,-27,8/19/2014,3142,-51,Major Market,East,113,Beans,Espresso,Caffe Mocha,-197,74,New York,110,-60,-170,50,146,Regular
508,161,-7,8/20/2014,1267,182,Major Market,East,45,Beans,Espresso,Regular Espresso,113,343,Massachusetts,140,160,120,300,69,Regular
212,239,35,8/21/2014,1197,576,Major Market,East,66,Beans,Espresso,Regular Espresso,485,815,New York,210,510,450,720,91,Regular
904,22,-7,8/22/2014,573,32,Major Market,East,7,Leaves,Herbal Tea,Chamomile,13,54,Florida,0,20,20,20,19,Decaf
585,255,93,8/23/2014,1622,292,Major Market,East,96,Leaves,Herbal Tea,Lemon,163,547,New York,140,150,70,290,129,Decaf
631,239,-59,8/24/2014,4360,-64,Major Market,East,74,Leaves,Herbal Tea,Mint,-159,175,New York,130,-50,-100,80,95,Decaf
585,108,-8,8/25/2014,971,174,Major Market,East,30,Leaves,Tea,Darjeeling,132,282,New York,110,170,140,280,42,Regular
718,123,-6,8/26/2014,915,199,Major Market,East,34,Leaves,Tea,Earl Grey,154,322,New York,130,190,160,320,45,Regular
607,76,-10,8/27/2014,580,123,Major Market,East,21,Leaves,Tea,Green Tea,90,199,New York,80,120,100,200,33,Regular
904,102,15,8/28/2014,666,159,Major Market,East,31,Beans,Coffee,Decaf Irish Cream,105,261,Florida,90,130,90,220,54,Decaf
772,77,3,8/29/2014,557,115,Major Market,East,25,Beans,Espresso,Decaf Espresso,63,192,Florida,70,100,60,170,52,Decaf
786,78,16,8/30/2014,798,132,Major Market,East,25,Beans,Coffee,Colombian,76,210,Florida,70,100,60,170,56,Regular
857,75,54,8/31/2014,-3287,409,Major Market,East,24,Beans,Coffee,Colombian,354,484,Massachusetts,60,340,300,400,55,Regular
607,249,47,9/1/2014,2580,415,Major Market,East,87,Beans,Coffee,Colombian,277,664,New York,220,340,230,560,138,Regular
813,94,10,9/2/2014,694,145,Major Market,East,85,Beans,Espresso,Caffe Mocha,30,239,Florida,90,120,20,210,115,Regular
914,121,-8,9/3/2014,3385,-56,Major Market,East,109,Beans,Espresso,Caffe Mocha,-198,65,New York,110,-60,-190,50,142,Regular
617,181,12,9/4/2014,1283,206,Major Market,East,50,Beans,Espresso,Regular Espresso,132,387,Massachusetts,170,180,120,350,74,Regular
917,211,35,9/5/2014,933,508,Major Market,East,59,Beans,Espresso,Regular Espresso,425,719,New York,200,460,390,660,83,Regular
727,22,4,9/6/2014,570,33,Major Market,East,7,Leaves,Herbal Tea,Chamomile,14,55,Florida,10,20,10,30,19,Decaf
585,245,102,9/7/2014,1704,369,Major Market,East,93,Leaves,Herbal Tea,Lemon,242,614,New York,180,240,140,420,127,Decaf
518,225,-25,9/8/2014,4742,-54,Major Market,East,69,Leaves,Herbal Tea,Mint,-145,171,New York,160,-50,-120,110,91,Decaf
516,81,7,9/9/2014,984,130,Major Market,East,22,Leaves,Tea,Darjeeling,97,211,New York,80,120,90,200,33,Regular
914,118,16,9/10/2014,930,191,Major Market,East,33,Leaves,Tea,Earl Grey,146,309,New York,120,170,130,290,45,Regular
727,134,33,9/11/2014,690,207,Major Market,East,41,Beans,Coffee,Decaf Irish Cream,143,341,Florida,120,160,110,280,64,Decaf
386,83,1,9/12/2014,575,125,Major Market,East,27,Beans,Espresso,Decaf Espresso,71,208,Florida,80,110,70,190,54,Decaf
407,88,8,9/13/2014,817,148,Major Market,East,29,Beans,Coffee,Colombian,88,236,Florida,70,120,80,190,60,Regular
351,67,63,9/14/2014,-3534,476,Major Market,East,22,Beans,Coffee,Colombian,423,543,Massachusetts,60,390,360,450,53,Regular
315,279,67,9/15/2014,2642,466,Major Market,East,97,Beans,Coffee,Colombian,317,745,New York,250,370,250,620,149,Regular
305,105,7,9/16/2014,716,161,Major Market,East,95,Beans,Espresso,Caffe Mocha,37,266,Florida,100,140,30,240,124,Regular
845,135,-10,9/17/2014,3641,-65,Major Market,East,122,Beans,Espresso,Caffe Mocha,-220,70,New York,130,-70,-210,60,155,Regular
857,153,27,9/18/2014,1319,173,Major Market,East,42,Beans,Espresso,Regular Espresso,107,326,Massachusetts,150,140,80,290,66,Regular
518,250,35,9/19/2014,723,450,Major Market,East,70,Beans,Espresso,Regular Espresso,355,700,New York,240,400,320,640,95,Regular
631,294,148,9/20/2014,1727,502,Major Market,East,111,Leaves,Herbal Tea,Lemon,358,796,New York,220,320,210,540,144,Decaf
716,241,-29,9/21/2014,5121,-83,Major Market,East,74,Leaves,Herbal Tea,Mint,-179,158,New York,180,-80,-150,100,96,Decaf
718,86,13,9/22/2014,1003,138,Major Market,East,24,Leaves,Tea,Darjeeling,103,224,New York,90,120,90,210,35,Regular
518,123,3,9/23/2014,959,199,Major Market,East,34,Leaves,Tea,Earl Grey,153,322,New York,120,190,150,310,46,Regular
719,108,-34,9/24/2014,971,157,Major Market,Central,30,Beans,Coffee,Decaf Irish Cream,116,265,Colorado,100,160,150,260,41,Decaf
815,122,-45,9/25/2014,789,176,Major Market,Central,39,Beans,Coffee,Decaf Irish Cream,115,298,Illinois,110,190,160,300,61,Decaf
303,72,-74,9/26/2014,650,110,Major Market,Central,23,Beans,Espresso,Decaf Espresso,56,182,Colorado,100,160,130,260,54,Decaf
312,239,-151,9/27/2014,1755,239,Major Market,Central,66,Beans,Espresso,Decaf Espresso,149,478,Illinois,340,370,300,710,90,Decaf
614,54,-58,9/28/2014,404,66,Major Market,Central,20,Beans,Espresso,Decaf Espresso,12,120,Ohio,70,100,70,170,54,Decaf
970,123,-27,9/29/2014,915,179,Major Market,Central,34,Beans,Coffee,Amaretto,133,302,Colorado,120,180,160,300,46,Regular
815,154,-40,9/30/2014,1132,213,Major Market,Central,50,Beans,Coffee,Colombian,120,367,Illinois,150,220,160,370,93,Regular
303,76,-91,10/1/2014,580,111,Major Market,Central,21,Beans,Espresso,Caffe Mocha,79,187,Colorado,100,180,170,280,32,Regular
815,257,-196,10/2/2014,1662,341,Major Market,Central,84,Beans,Espresso,Caffe Mocha,224,598,Illinois,370,520,420,890,117,Regular
567,161,-98,10/3/2014,1267,161,Major Market,Central,45,Beans,Espresso,Caffe Mocha,92,322,Ohio,230,240,190,470,69,Regular
719,161,-18,10/4/2014,1267,161,Major Market,Central,45,Leaves,Herbal Tea,Chamomile,92,322,Colorado,120,140,110,260,69,Decaf
708,123,-7,10/5/2014,915,179,Major Market,Central,34,Leaves,Herbal Tea,Chamomile,133,302,Illinois,90,150,140,240,46,Decaf
815,108,-4,10/6/2014,971,157,Major Market,Central,30,Leaves,Herbal Tea,Mint,116,265,Illinois,80,130,120,210,41,Decaf
234,82,5,10/7/2014,788,123,Major Market,Central,27,Leaves,Tea,Darjeeling,65,205,Ohio,50,90,60,140,58,Regular
614,91,-4,10/8/2014,656,127,Major Market,Central,28,Leaves,Tea,Earl Grey,76,218,Ohio,50,100,80,150,51,Regular
720,90,-6,10/9/2014,572,115,Major Market,Central,29,Leaves,Tea,Green Tea,74,205,Colorado,50,90,80,140,41,Regular
641,10,-12,10/10/2014,598,13,Small Market,Central,3,Beans,Coffee,Decaf Irish Cream,-2,23,Iowa,0,10,10,10,15,Decaf
715,86,-39,10/11/2014,547,116,Small Market,Central,28,Beans,Coffee,Decaf Irish Cream,61,202,Wisconsin,80,120,100,200,55,Decaf
816,79,-35,10/12/2014,593,98,Small Market,Central,30,Beans,Coffee,Colombian,35,177,Missouri,70,100,70,170,63,Regular
715,96,-42,10/13/2014,683,134,Small Market,Central,87,Beans,Coffee,Colombian,18,230,Wisconsin,90,140,60,230,116,Regular
314,40,-54,10/14/2014,881,59,Small Market,Central,11,Beans,Espresso,Caffe Mocha,36,99,Missouri,50,90,90,140,23,Regular
608,80,-72,10/15/2014,1055,94,Small Market,Central,24,Beans,Espresso,Caffe Mocha,48,174,Wisconsin,110,140,120,250,46,Regular
712,257,14,10/16/2014,1662,341,Small Market,Central,84,Leaves,Herbal Tea,Chamomile,224,598,Iowa,200,280,210,480,117,Decaf
641,122,-16,10/17/2014,789,176,Small Market,Central,39,Leaves,Herbal Tea,Lemon,114,298,Iowa,90,150,130,240,62,Decaf
573,86,-36,10/18/2014,1698,23,Small Market,Central,26,Leaves,Herbal Tea,Lemon,-26,109,Missouri,60,20,10,80,49,Decaf
563,239,39,10/19/2014,1755,239,Small Market,Central,66,Leaves,Tea,Darjeeling,149,478,Iowa,170,170,110,340,90,Regular
563,255,53,10/20/2014,1756,312,Small Market,Central,96,Leaves,Tea,Earl Grey,183,567,Iowa,170,230,130,400,129,Regular
417,25,-11,10/21/2014,209,31,Small Market,Central,9,Leaves,Tea,Earl Grey,-11,56,Missouri,10,20,0,30,42,Regular
970,81,4,10/22/2014,984,117,Major Market,Central,22,Beans,Coffee,Decaf Irish Cream,84,198,Colorado,80,110,80,190,33,Decaf
815,113,-4,10/23/2014,803,165,Major Market,Central,36,Beans,Coffee,Decaf Irish Cream,106,278,Illinois,110,160,110,270,59,Decaf
303,75,-42,10/24/2014,659,114,Major Market,Central,24,Beans,Espresso,Decaf Espresso,58,189,Colorado,90,150,100,240,56,Decaf
847,211,-71,10/25/2014,1778,212,Major Market,Central,59,Beans,Espresso,Decaf Espresso,129,423,Illinois,270,270,200,540,83,Decaf
970,118,-2,10/26/2014,930,172,Major Market,Central,33,Beans,Coffee,Amaretto,128,290,Colorado,110,170,130,280,44,Regular
815,173,-1,10/27/2014,1150,239,Major Market,Central,57,Beans,Coffee,Colombian,139,412,Illinois,170,230,140,400,100,Regular
303,50,-22,10/28/2014,589,73,Major Market,Central,14,Beans,Espresso,Caffe Mocha,48,123,Colorado,60,90,70,150,25,Regular
224,228,-94,10/29/2014,1691,304,Major Market,Central,75,Beans,Espresso,Caffe Mocha,196,532,Illinois,290,390,290,680,108,Regular
440,181,-63,10/30/2014,1283,182,Major Market,Central,50,Beans,Espresso,Caffe Mocha,107,363,Ohio,230,230,170,460,75,Regular
970,181,7,10/31/2014,1283,182,Major Market,Central,50,Leaves,Herbal Tea,Chamomile,107,363,Colorado,170,160,100,330,75,Decaf
312,118,17,11/1/2014,930,172,Major Market,Central,33,Leaves,Herbal Tea,Chamomile,127,290,Illinois,110,150,110,260,45,Decaf
630,81,4,11/2/2014,984,117,Major Market,Central,22,Leaves,Herbal Tea,Mint,84,198,Illinois,70,110,80,180,33,Decaf
330,78,2,11/3/2014,798,119,Major Market,Central,25,Leaves,Tea,Darjeeling,62,197,Ohio,60,100,60,160,57,Regular
630,75,9,11/4/2014,659,114,Major Market,Central,24,Leaves,Tea,Earl Grey,59,189,Illinois,60,90,50,150,55,Regular
419,102,19,11/5/2014,666,143,Major Market,Central,31,Leaves,Tea,Earl Grey,89,245,Ohio,80,120,70,200,54,Regular
719,88,10,11/6/2014,561,112,Major Market,Central,29,Leaves,Tea,Green Tea,70,200,Colorado,70,90,60,160,42,Regular
641,10,-13,11/7/2014,596,13,Small Market,Central,3,Beans,Coffee,Decaf Irish Cream,-3,23,Iowa,0,20,10,20,16,Decaf
262,77,-9,11/8/2014,557,103,Small Market,Central,25,Beans,Coffee,Decaf Irish Cream,51,180,Wisconsin,70,100,60,170,52,Decaf
563,15,-2,11/9/2014,848,24,Small Market,Central,4,Beans,Coffee,Amaretto,8,39,Iowa,10,20,10,30,16,Regular
573,82,-2,11/10/2014,601,102,Small Market,Central,31,Beans,Coffee,Colombian,38,184,Missouri,80,100,40,180,64,Regular
262,94,-14,11/11/2014,694,130,Small Market,Central,85,Beans,Coffee,Colombian,16,224,Wisconsin,90,130,30,220,114,Regular
314,54,-29,11/12/2014,885,78,Small Market,Central,15,Beans,Espresso,Caffe Mocha,51,132,Missouri,60,100,80,160,27,Regular
920,75,-25,11/13/2014,1063,89,Small Market,Central,23,Beans,Espresso,Caffe Mocha,45,164,Wisconsin,90,110,70,200,44,Regular
712,228,16,11/14/2014,1691,304,Small Market,Central,75,Leaves,Herbal Tea,Chamomile,196,532,Iowa,210,280,180,490,108,Decaf
712,113,7,11/15/2014,803,165,Small Market,Central,36,Leaves,Herbal Tea,Lemon,107,278,Iowa,100,150,100,250,58,Decaf
712,211,19,11/16/2014,1778,212,Small Market,Central,59,Leaves,Tea,Darjeeling,129,423,Iowa,170,180,110,350,83,Regular
319,245,43,11/17/2014,1784,300,Small Market,Central,93,Leaves,Tea,Earl Grey,173,545,Iowa,200,250,130,450,127,Regular
720,86,-2,11/18/2014,1003,124,Major Market,Central,24,Beans,Coffee,Decaf Irish Cream,88,210,Colorado,80,120,90,200,36,Decaf
630,127,-8,11/19/2014,830,185,Major Market,Central,40,Beans,Coffee,Decaf Irish Cream,122,312,Illinois,120,180,130,300,63,Decaf
970,67,-33,11/20/2014,677,101,Major Market,Central,22,Beans,Espresso,Decaf Espresso,47,168,Colorado,80,130,80,210,54,Decaf
630,250,-83,11/21/2014,1820,251,Major Market,Central,70,Beans,Espresso,Decaf Espresso,157,501,Illinois,320,320,240,640,94,Decaf
719,123,4,11/22/2014,959,179,Major Market,Central,34,Beans,Coffee,Amaretto,134,302,Colorado,120,170,130,290,45,Regular
847,224,4,11/23/2014,1191,310,Major Market,Central,73,Beans,Coffee,Colombian,194,534,Illinois,220,300,190,520,116,Regular
970,54,-37,11/24/2014,601,79,Major Market,Central,15,Beans,Espresso,Caffe Mocha,53,133,Colorado,60,110,90,170,26,Regular
815,247,-104,11/25/2014,1744,329,Major Market,Central,81,Beans,Espresso,Caffe Mocha,216,576,Illinois,310,420,320,730,113,Regular
740,153,-53,11/26/2014,1319,153,Major Market,Central,42,Beans,Espresso,Caffe Mocha,87,306,Ohio,190,200,140,390,66,Regular
303,153,7,11/27/2014,1319,153,Major Market,Central,42,Leaves,Herbal Tea,Chamomile,87,306,Colorado,140,140,80,280,66,Decaf
309,123,3,11/28/2014,959,179,Major Market,Central,34,Leaves,Herbal Tea,Chamomile,133,302,Illinois,110,170,130,280,46,Decaf
630,86,8,11/29/2014,1003,124,Major Market,Central,24,Leaves,Herbal Tea,Mint,88,210,Illinois,80,110,80,190,36,Decaf
513,88,2,11/30/2014,817,133,Major Market,Central,29,Leaves,Tea,Darjeeling,72,221,Ohio,70,110,70,180,61,Regular
740,134,31,12/1/2014,690,186,Major Market,Central,41,Leaves,Tea,Earl Grey,121,320,Ohio,110,150,90,260,65,Regular
719,81,6,12/2/2014,551,104,Major Market,Central,26,Leaves,Tea,Green Tea,66,185,Colorado,60,90,60,150,38,Regular
319,10,-11,12/3/2014,594,14,Small Market,Central,3,Beans,Coffee,Decaf Irish Cream,-1,24,Iowa,0,20,10,20,15,Decaf
715,83,-13,12/4/2014,575,112,Small Market,Central,27,Beans,Coffee,Decaf Irish Cream,57,195,Wisconsin,80,110,70,190,55,Decaf
573,68,-14,12/5/2014,619,85,Small Market,Central,25,Beans,Coffee,Colombian,26,153,Missouri,60,90,40,150,59,Regular
715,105,-10,12/6/2014,716,145,Small Market,Central,95,Beans,Coffee,Colombian,20,250,Wisconsin,100,140,30,240,125,Regular
314,50,-22,12/7/2014,898,73,Small Market,Central,14,Beans,Espresso,Caffe Mocha,48,123,Missouri,60,90,70,150,25,Regular
715,80,-30,12/8/2014,1079,96,Small Market,Central,24,Beans,Espresso,Caffe Mocha,50,176,Wisconsin,100,120,80,220,46,Regular
641,247,16,12/9/2014,1744,329,Small Market,Central,81,Leaves,Herbal Tea,Chamomile,216,576,Iowa,230,300,200,530,113,Decaf
319,127,3,12/10/2014,830,185,Small Market,Central,40,Leaves,Herbal Tea,Lemon,123,312,Iowa,120,170,120,290,62,Decaf
641,250,36,12/11/2014,1820,251,Small Market,Central,70,Leaves,Tea,Darjeeling,156,501,Iowa,210,200,120,410,95,Regular
641,294,46,12/12/2014,1838,360,Small Market,Central,111,Leaves,Tea,Earl Grey,216,654,Iowa,240,300,170,540,144,Regular
573,20,-6,12/13/2014,218,25,Small Market,Central,7,Leaves,Tea,Earl Grey,-16,45,Missouri,10,20,-10,30,41,Regular
719,108,-17,12/14/2014,971,174,Major Market,Central,30,Beans,Coffee,Decaf Irish Cream,133,282,Colorado,100,160,150,260,41,Decaf
815,122,-25,12/15/2014,789,196,Major Market,Central,39,Beans,Coffee,Decaf Irish Cream,135,318,Illinois,110,190,160,300,61,Decaf
970,72,-62,12/16/2014,650,122,Major Market,Central,23,Beans,Espresso,Decaf Espresso,68,194,Colorado,100,160,130,260,54,Decaf
773,239,-120,12/17/2014,1755,270,Major Market,Central,66,Beans,Espresso,Decaf Espresso,180,509,Illinois,340,370,300,710,90,Decaf
419,54,-50,12/18/2014,404,74,Major Market,Central,20,Beans,Espresso,Decaf Espresso,20,128,Ohio,70,100,70,170,54,Decaf
719,123,-7,12/19/2014,915,199,Major Market,Central,34,Beans,Coffee,Amaretto,153,322,Colorado,120,180,160,300,46,Regular
815,154,-16,12/20/2014,1132,237,Major Market,Central,50,Beans,Coffee,Colombian,144,391,Illinois,150,220,160,370,93,Regular
970,76,-79,12/21/2014,580,123,Major Market,Central,21,Beans,Espresso,Caffe Mocha,91,199,Colorado,100,180,170,280,32,Regular
312,257,-157,12/22/2014,1662,380,Major Market,Central,84,Beans,Espresso,Caffe Mocha,263,637,Illinois,370,520,420,890,117,Regular
513,161,-77,12/23/2014,1267,182,Major Market,Central,45,Beans,Espresso,Caffe Mocha,113,343,Ohio,230,240,190,470,69,Regular
720,161,3,12/24/2014,1267,182,Major Market,Central,45,Leaves,Herbal Tea,Chamomile,113,343,Colorado,120,140,110,260,69,Decaf
708,123,13,12/25/2014,915,199,Major Market,Central,34,Leaves,Herbal Tea,Chamomile,153,322,Illinois,90,150,140,240,46,Decaf
815,108,13,12/26/2014,971,174,Major Market,Central,30,Leaves,Herbal Tea,Mint,133,282,Illinois,80,130,120,210,41,Decaf
419,82,18,12/27/2014,788,136,Major Market,Central,27,Leaves,Tea,Darjeeling,78,218,Ohio,50,90,60,140,58,Regular
419,91,10,12/28/2014,656,141,Major Market,Central,28,Leaves,Tea,Earl Grey,90,232,Ohio,50,100,80,150,51,Regular
970,90,7,12/29/2014,572,128,Major Market,Central,29,Leaves,Tea,Green Tea,87,218,Colorado,50,90,80,140,41,Regular
641,10,-10,12/30/2014,598,15,Small Market,Central,3,Beans,Coffee,Decaf Irish Cream,0,25,Iowa,0,10,10,10,15,Decaf
920,86,-26,12/31/2014,547,129,Small Market,Central,28,Beans,Coffee,Decaf Irish Cream,74,215,Wisconsin,80,120,100,200,55,Decaf
573,79,-23,1/1/2015,593,110,Small Market,Central,30,Beans,Coffee,Colombian,47,189,Missouri,70,100,70,170,63,Regular
414,96,-27,1/2/2015,683,149,Small Market,Central,87,Beans,Coffee,Colombian,33,245,Wisconsin,90,140,60,230,116,Regular
573,40,-47,1/3/2015,881,66,Small Market,Central,11,Beans,Espresso,Caffe Mocha,43,106,Missouri,50,90,90,140,23,Regular
262,80,-61,1/4/2015,1055,105,Small Market,Central,24,Beans,Espresso,Caffe Mocha,59,185,Wisconsin,110,140,120,250,46,Regular
319,257,53,1/5/2015,1662,380,Small Market,Central,84,Leaves,Herbal Tea,Chamomile,263,637,Iowa,200,280,210,480,117,Decaf
515,122,4,1/6/2015,789,196,Small Market,Central,39,Leaves,Herbal Tea,Lemon,134,318,Iowa,90,150,130,240,62,Decaf
417,86,-29,1/7/2015,1698,30,Small Market,Central,26,Leaves,Herbal Tea,Lemon,-19,116,Missouri,60,20,10,80,49,Decaf
515,239,70,1/8/2015,1755,270,Small Market,Central,66,Leaves,Tea,Darjeeling,180,509,Iowa,170,170,110,340,90,Regular
515,255,90,1/9/2015,1756,349,Small Market,Central,96,Leaves,Tea,Earl Grey,220,604,Iowa,170,230,130,400,129,Regular
573,25,-7,1/10/2015,209,35,Small Market,Central,9,Leaves,Tea,Earl Grey,-7,60,Missouri,10,20,0,30,42,Regular
720,81,17,1/11/2015,984,130,Major Market,Central,22,Beans,Coffee,Decaf Irish Cream,97,211,Colorado,80,110,80,190,33,Decaf
847,113,14,1/12/2015,803,183,Major Market,Central,36,Beans,Coffee,Decaf Irish Cream,124,296,Illinois,110,160,110,270,59,Decaf
970,75,-30,1/13/2015,659,126,Major Market,Central,24,Beans,Espresso,Decaf Espresso,70,201,Colorado,90,150,100,240,56,Decaf
847,211,-43,1/14/2015,1778,240,Major Market,Central,59,Beans,Espresso,Decaf Espresso,157,451,Illinois,270,270,200,540,83,Decaf
719,118,17,1/15/2015,930,191,Major Market,Central,33,Beans,Coffee,Amaretto,147,309,Colorado,110,170,130,280,44,Regular
815,173,26,1/16/2015,1150,266,Major Market,Central,57,Beans,Coffee,Colombian,166,439,Illinois,170,230,140,400,100,Regular
303,50,-14,1/17/2015,589,81,Major Market,Central,14,Beans,Espresso,Caffe Mocha,56,131,Colorado,60,90,70,150,25,Regular
630,228,-59,1/18/2015,1691,339,Major Market,Central,75,Beans,Espresso,Caffe Mocha,231,567,Illinois,290,390,290,680,108,Regular
234,181,-39,1/19/2015,1283,206,Major Market,Central,50,Beans,Espresso,Caffe Mocha,131,387,Ohio,230,230,170,460,75,Regular
970,181,31,1/20/2015,1283,206,Major Market,Central,50,Leaves,Herbal Tea,Chamomile,131,387,Colorado,170,160,100,330,75,Decaf
708,118,36,1/21/2015,930,191,Major Market,Central,33,Leaves,Herbal Tea,Chamomile,146,309,Illinois,110,150,110,260,45,Decaf
708,81,17,1/22/2015,984,130,Major Market,Central,22,Leaves,Herbal Tea,Mint,97,211,Illinois,70,110,80,180,33,Decaf
614,78,15,1/23/2015,798,132,Major Market,Central,25,Leaves,Tea,Darjeeling,75,210,Ohio,60,100,60,160,57,Regular
309,75,21,1/24/2015,659,126,Major Market,Central,24,Leaves,Tea,Earl Grey,71,201,Illinois,60,90,50,150,55,Regular
740,102,35,1/25/2015,666,159,Major Market,Central,31,Leaves,Tea,Earl Grey,105,261,Ohio,80,120,70,200,54,Regular
970,88,23,1/26/2015,561,125,Major Market,Central,29,Leaves,Tea,Green Tea,83,213,Colorado,70,90,60,160,42,Regular
319,10,-11,1/27/2015,596,15,Small Market,Central,3,Beans,Coffee,Decaf Irish Cream,-1,25,Iowa,0,20,10,20,16,Decaf
920,77,3,1/28/2015,557,115,Small Market,Central,25,Beans,Coffee,Decaf Irish Cream,63,192,Wisconsin,70,100,60,170,52,Decaf
712,15,1,1/29/2015,848,27,Small Market,Central,4,Beans,Coffee,Amaretto,11,42,Iowa,10,20,10,30,16,Regular
573,82,10,1/30/2015,601,114,Small Market,Central,31,Beans,Coffee,Colombian,50,196,Missouri,80,100,40,180,64,Regular
608,94,1,1/31/2015,694,145,Small Market,Central,85,Beans,Coffee,Colombian,31,239,Wisconsin,90,130,30,220,114,Regular
573,54,-20,2/1/2015,885,87,Small Market,Central,15,Beans,Espresso,Caffe Mocha,60,141,Missouri,60,100,80,160,27,Regular
715,75,-14,2/2/2015,1063,100,Small Market,Central,23,Beans,Espresso,Caffe Mocha,56,175,Wisconsin,90,110,70,200,44,Regular
641,228,51,2/3/2015,1691,339,Small Market,Central,75,Leaves,Herbal Tea,Chamomile,231,567,Iowa,210,280,180,490,108,Decaf
641,113,25,2/4/2015,803,183,Small Market,Central,36,Leaves,Herbal Tea,Lemon,125,296,Iowa,100,150,100,250,58,Decaf
563,211,47,2/5/2015,1778,240,Small Market,Central,59,Leaves,Tea,Darjeeling,157,451,Iowa,170,180,110,350,83,Regular
641,245,79,2/6/2015,1784,336,Small Market,Central,93,Leaves,Tea,Earl Grey,209,581,Iowa,200,250,130,450,127,Regular
720,86,12,2/7/2015,1003,138,Major Market,Central,24,Beans,Coffee,Decaf Irish Cream,102,224,Colorado,80,120,90,200,36,Decaf
312,127,12,2/8/2015,830,205,Major Market,Central,40,Beans,Coffee,Decaf Irish Cream,142,332,Illinois,120,180,130,300,63,Decaf
720,67,-22,2/9/2015,677,112,Major Market,Central,22,Beans,Espresso,Decaf Espresso,58,179,Colorado,80,130,80,210,54,Decaf
773,250,-50,2/10/2015,1820,284,Major Market,Central,70,Beans,Espresso,Decaf Espresso,190,534,Illinois,320,320,240,640,94,Decaf
303,123,24,2/11/2015,959,199,Major Market,Central,34,Beans,Coffee,Amaretto,154,322,Colorado,120,170,130,290,45,Regular
312,224,39,2/12/2015,1191,345,Major Market,Central,73,Beans,Coffee,Colombian,229,569,Illinois,220,300,190,520,116,Regular
970,54,-28,2/13/2015,601,88,Major Market,Central,15,Beans,Espresso,Caffe Mocha,62,142,Colorado,60,110,90,170,26,Regular
708,247,-66,2/14/2015,1744,367,Major Market,Central,81,Beans,Espresso,Caffe Mocha,254,614,Illinois,310,420,320,730,113,Regular
937,153,-33,2/15/2015,1319,173,Major Market,Central,42,Beans,Espresso,Caffe Mocha,107,326,Ohio,190,200,140,390,66,Regular
970,153,27,2/16/2015,1319,173,Major Market,Central,42,Leaves,Herbal Tea,Chamomile,107,326,Colorado,140,140,80,280,66,Decaf
618,123,23,2/17/2015,959,199,Major Market,Central,34,Leaves,Herbal Tea,Chamomile,153,322,Illinois,110,170,130,280,46,Decaf
312,86,22,2/18/2015,1003,138,Major Market,Central,24,Leaves,Herbal Tea,Mint,102,224,Illinois,80,110,80,190,36,Decaf
513,88,17,2/19/2015,817,148,Major Market,Central,29,Leaves,Tea,Darjeeling,87,236,Ohio,70,110,70,180,61,Regular
513,134,52,2/20/2015,690,207,Major Market,Central,41,Leaves,Tea,Earl Grey,142,341,Ohio,110,150,90,260,65,Regular
719,81,18,2/21/2015,551,116,Major Market,Central,26,Leaves,Tea,Green Tea,78,197,Colorado,60,90,60,150,38,Regular
712,10,-9,2/22/2015,594,16,Small Market,Central,3,Beans,Coffee,Decaf Irish Cream,1,26,Iowa,0,20,10,20,15,Decaf
414,83,0,2/23/2015,575,125,Small Market,Central,27,Beans,Coffee,Decaf Irish Cream,70,208,Wisconsin,80,110,70,190,55,Decaf
573,68,-4,2/24/2015,619,95,Small Market,Central,25,Beans,Coffee,Colombian,36,163,Missouri,60,90,40,150,59,Regular
262,105,6,2/25/2015,716,161,Small Market,Central,95,Beans,Coffee,Colombian,36,266,Wisconsin,100,140,30,240,125,Regular
573,50,-14,2/26/2015,898,81,Small Market,Central,14,Beans,Espresso,Caffe Mocha,56,131,Missouri,60,90,70,150,25,Regular
262,80,-18,2/27/2015,1079,108,Small Market,Central,24,Beans,Espresso,Caffe Mocha,62,188,Wisconsin,100,120,80,220,46,Regular
515,247,54,2/28/2015,1744,367,Small Market,Central,81,Leaves,Herbal Tea,Chamomile,254,614,Iowa,230,300,200,530,113,Decaf
515,127,23,3/1/2015,830,205,Small Market,Central,40,Leaves,Herbal Tea,Lemon,143,332,Iowa,120,170,120,290,62,Decaf
641,250,69,3/2/2015,1820,284,Small Market,Central,70,Leaves,Tea,Darjeeling,189,534,Iowa,210,200,120,410,95,Regular
563,294,89,3/3/2015,1838,403,Small Market,Central,111,Leaves,Tea,Earl Grey,259,697,Iowa,240,300,170,540,144,Regular
816,20,-3,3/4/2015,218,28,Small Market,Central,7,Leaves,Tea,Earl Grey,-13,48,Missouri,10,20,-10,30,41,Regular
951,154,-17,3/5/2015,3654,-24,Major Market,West,50,Beans,Coffee,Decaf Irish Cream,-117,130,California,220,-30,-100,190,93,Decaf
714,257,-15,3/6/2015,1662,341,Major Market,West,84,Beans,Espresso,Decaf Espresso,225,598,California,230,320,240,550,116,Decaf
818,122,-14,3/7/2015,2555,-13,Major Market,West,39,Beans,Coffee,Amaretto,-74,109,California,170,-20,-60,150,61,Regular
626,260,-223,3/8/2015,2548,390,Major Market,West,91,Beans,Coffee,Colombian,247,650,California,380,580,470,960,143,Regular
562,239,-11,3/9/2015,1755,239,Major Market,West,66,Beans,Espresso,Caffe Latte,149,478,California,210,220,160,430,90,Regular
562,125,-23,3/10/2015,898,173,Major Market,West,113,Beans,Espresso,Caffe Mocha,27,298,California,110,160,50,270,146,Regular
661,108,-5,3/11/2015,971,157,Major Market,West,30,Leaves,Herbal Tea,Chamomile,115,265,California,80,130,120,210,42,Decaf
562,239,16,3/12/2015,1246,281,Major Market,West,74,Leaves,Herbal Tea,Lemon,186,520,California,190,220,170,410,95,Decaf
562,123,54,3/13/2015,915,179,Major Market,West,34,Leaves,Tea,Darjeeling,134,302,California,50,90,80,140,45,Regular
971,43,-51,3/14/2015,419,64,Small Market,West,13,Beans,Coffee,Decaf Irish Cream,29,107,Oregon,50,100,80,150,35,Decaf
435,79,-86,3/15/2015,593,98,Small Market,West,30,Beans,Coffee,Decaf Irish Cream,34,177,Utah,100,160,120,260,64,Decaf
425,96,-83,3/16/2015,683,134,Small Market,West,87,Beans,Coffee,Decaf Irish Cream,17,230,Washington,140,190,100,330,117,Decaf
503,161,-19,3/17/2015,1267,161,Small Market,West,45,Beans,Espresso,Decaf Espresso,91,322,Oregon,140,150,110,290,70,Decaf
253,80,-32,3/18/2015,1055,94,Small Market,West,24,Beans,Espresso,Decaf Espresso,48,174,Washington,60,90,80,150,46,Decaf
971,51,-55,3/19/2015,503,71,Small Market,West,46,Beans,Coffee,Amaretto,-5,122,Oregon,70,100,50,170,76,Regular
435,65,-54,3/20/2015,1053,77,Small Market,West,20,Beans,Coffee,Amaretto,36,142,Utah,90,110,90,200,41,Regular
971,60,-69,3/21/2015,463,84,Small Market,West,19,Beans,Coffee,Colombian,21,144,Oregon,80,130,90,210,63,Regular
435,47,-58,3/22/2015,375,64,Small Market,West,15,Beans,Coffee,Colombian,22,111,Utah,50,100,80,150,42,Regular
206,68,-54,3/23/2015,438,99,Small Market,West,21,Beans,Coffee,Colombian,56,167,Washington,90,140,110,230,43,Regular
206,22,-10,3/24/2015,573,29,Small Market,West,7,Beans,Espresso,Caffe Latte,10,51,Washington,10,20,20,30,19,Regular
702,21,-6,3/25/2015,846,31,Small Market,West,5,Beans,Espresso,Caffe Mocha,14,52,Nevada,10,20,20,30,17,Regular
801,103,-23,3/26/2015,564,133,Small Market,West,33,Beans,Espresso,Caffe Mocha,87,236,Utah,80,130,110,210,46,Regular
775,125,-34,3/27/2015,898,173,Small Market,West,113,Leaves,Herbal Tea,Chamomile,26,298,Nevada,90,150,60,240,147,Decaf
206,125,-15,3/28/2015,1119,188,Small Market,West,41,Leaves,Herbal Tea,Chamomile,115,313,Washington,90,160,130,250,73,Decaf
702,154,0,3/29/2015,1132,213,Small Market,West,50,Leaves,Herbal Tea,Lemon,120,367,Nevada,120,170,120,290,93,Decaf
971,90,-17,3/30/2015,572,115,Small Market,West,29,Leaves,Herbal Tea,Lemon,73,205,Oregon,60,100,90,160,42,Decaf
702,122,-16,3/31/2015,789,176,Small Market,West,39,Leaves,Herbal Tea,Mint,114,298,Nevada,90,150,130,240,62,Decaf
435,86,-27,4/1/2015,1698,23,Small Market,West,26,Leaves,Herbal Tea,Mint,-27,109,Utah,60,20,0,80,50,Decaf
702,257,94,4/2/2015,1662,341,Small Market,West,84,Leaves,Tea,Darjeeling,224,598,Nevada,110,180,130,290,117,Regular
541,21,-4,4/3/2015,480,32,Small Market,West,5,Leaves,Tea,Darjeeling,16,53,Oregon,0,20,20,20,16,Regular
775,239,69,4/4/2015,1755,239,Small Market,West,66,Leaves,Tea,Earl Grey,149,478,Nevada,110,120,80,230,90,Regular
702,255,-193,4/5/2015,7058,-234,Small Market,West,96,Leaves,Tea,Green Tea,-363,21,Nevada,110,-110,-170,0,129,Regular
435,25,-22,4/6/2015,209,31,Small Market,West,9,Leaves,Tea,Green Tea,-12,56,Utah,0,20,10,20,43,Regular
909,173,3,4/7/2015,3909,-27,Major Market,West,57,Beans,Coffee,Decaf Irish Cream,-127,146,California,200,-30,-130,170,100,Decaf
707,228,7,4/8/2015,1691,304,Major Market,West,75,Beans,Espresso,Decaf Espresso,197,532,California,220,290,190,510,107,Decaf
619,113,-6,4/9/2015,2758,3,Major Market,West,36,Beans,Coffee,Amaretto,-56,116,California,130,0,-50,130,59,Regular
951,249,-75,4/10/2015,2580,374,Major Market,West,87,Beans,Coffee,Colombian,235,623,California,290,450,310,740,139,Regular
559,211,-11,4/11/2015,1778,212,Major Market,West,59,Beans,Espresso,Caffe Latte,129,423,California,200,210,140,410,83,Regular
818,121,-14,4/12/2015,912,168,Major Market,West,109,Beans,Espresso,Caffe Mocha,26,289,California,110,170,40,280,142,Regular
213,81,4,4/13/2015,984,117,Major Market,West,22,Leaves,Herbal Tea,Chamomile,84,198,California,70,110,80,180,33,Decaf
213,225,14,4/14/2015,1272,265,Major Market,West,69,Leaves,Herbal Tea,Lemon,174,490,California,210,240,160,450,91,Decaf
213,118,18,4/15/2015,930,172,Major Market,West,33,Leaves,Tea,Darjeeling,128,290,California,80,130,110,210,44,Regular
801,82,-22,4/16/2015,601,102,Small Market,West,31,Beans,Coffee,Decaf Irish Cream,38,184,Utah,90,120,60,210,64,Decaf
253,94,-24,4/17/2015,694,130,Small Market,West,85,Beans,Coffee,Decaf Irish Cream,16,224,Washington,110,150,40,260,114,Decaf
503,181,-12,4/18/2015,1283,182,Small Market,West,50,Beans,Espresso,Decaf Espresso,108,363,Oregon,170,180,120,350,74,Decaf
801,69,-11,4/19/2015,1060,81,Small Market,West,21,Beans,Coffee,Amaretto,39,150,Utah,80,90,50,170,42,Regular
971,53,-26,4/20/2015,470,75,Small Market,West,17,Beans,Coffee,Colombian,14,128,Oregon,60,90,40,150,61,Regular
425,63,-20,4/21/2015,446,93,Small Market,West,20,Beans,Coffee,Colombian,50,156,Washington,70,110,70,180,43,Regular
775,15,-1,4/22/2015,848,24,Small Market,West,4,Beans,Espresso,Caffe Mocha,9,39,Nevada,10,20,10,30,15,Regular
435,101,-5,4/23/2015,552,130,Small Market,West,33,Beans,Espresso,Caffe Mocha,85,231,Utah,90,130,90,220,45,Regular
775,121,6,4/24/2015,912,168,Small Market,West,109,Leaves,Herbal Tea,Chamomile,26,289,Nevada,110,150,20,260,142,Decaf
206,130,2,4/25/2015,1134,195,Small Market,West,42,Leaves,Herbal Tea,Chamomile,122,325,Washington,120,180,120,300,73,Decaf
702,173,8,4/26/2015,1150,239,Small Market,West,57,Leaves,Herbal Tea,Lemon,138,412,Nevada,160,220,130,380,101,Decaf
971,88,0,4/27/2015,561,112,Small Market,West,29,Leaves,Herbal Tea,Lemon,70,200,Oregon,80,100,70,180,42,Decaf
702,113,7,4/28/2015,803,165,Small Market,West,36,Leaves,Herbal Tea,Mint,107,278,Nevada,100,150,100,250,58,Decaf
702,228,56,4/29/2015,1691,304,Small Market,West,75,Leaves,Tea,Darjeeling,196,532,Nevada,160,220,140,380,108,Regular
702,211,48,4/30/2015,1778,212,Small Market,West,59,Leaves,Tea,Earl Grey,128,423,Nevada,150,150,80,300,84,Regular
971,78,12,5/1/2015,798,119,Small Market,West,25,Leaves,Tea,Earl Grey,62,197,Oregon,50,90,50,140,57,Regular
702,245,-60,5/2/2015,7653,-213,Small Market,West,93,Leaves,Tea,Green Tea,-340,32,Nevada,180,-180,-280,0,127,Regular
971,102,19,5/3/2015,666,143,Small Market,West,31,Leaves,Tea,Green Tea,89,245,Oregon,70,100,70,170,54,Regular
714,224,1,5/4/2015,4216,-32,Major Market,West,73,Beans,Coffee,Decaf Irish Cream,-149,192,California,260,-40,-150,220,117,Decaf
209,247,6,5/5/2015,1744,329,Major Market,West,81,Beans,Espresso,Decaf Espresso,216,576,California,240,310,210,550,113,Decaf
951,127,2,5/6/2015,2947,-25,Major Market,West,40,Beans,Coffee,Amaretto,-88,102,California,150,-30,-90,120,63,Regular
707,279,-79,5/7/2015,2642,420,Major Market,West,97,Beans,Coffee,Colombian,271,699,California,330,500,350,830,149,Regular
916,250,-3,5/8/2015,1820,251,Major Market,West,70,Beans,Espresso,Caffe Latte,157,501,California,240,240,160,480,94,Regular
530,135,-9,5/9/2015,940,187,Major Market,West,122,Beans,Espresso,Caffe Mocha,31,322,California,130,180,40,310,156,Regular
626,86,9,5/10/2015,1003,124,Major Market,West,24,Leaves,Herbal Tea,Chamomile,89,210,California,80,110,80,190,35,Decaf
415,241,18,5/11/2015,1321,284,Major Market,West,74,Leaves,Herbal Tea,Lemon,188,525,California,220,260,170,480,96,Decaf
916,123,24,5/12/2015,959,179,Major Market,West,34,Leaves,Tea,Darjeeling,134,302,California,90,130,110,220,45,Regular
435,68,-24,5/13/2015,619,85,Small Market,West,25,Beans,Coffee,Decaf Irish Cream,26,153,Utah,80,100,50,180,59,Decaf
509,105,-30,5/14/2015,716,145,Small Market,West,95,Beans,Coffee,Decaf Irish Cream,20,250,Washington,120,170,50,290,125,Decaf
971,153,7,5/15/2015,1319,153,Small Market,West,42,Beans,Espresso,Decaf Espresso,87,306,Oregon,150,140,80,290,66,Decaf
253,80,-9,5/16/2015,1079,96,Small Market,West,24,Beans,Espresso,Decaf Espresso,51,176,Washington,70,100,60,170,45,Decaf
435,63,-14,5/17/2015,1075,76,Small Market,West,19,Beans,Coffee,Amaretto,36,139,Utah,70,90,50,160,40,Regular
253,72,-22,5/18/2015,461,104,Small Market,West,23,Beans,Coffee,Colombian,58,176,Washington,80,120,80,200,46,Regular
775,16,0,5/19/2015,851,25,Small Market,West,4,Beans,Espresso,Caffe Mocha,10,41,Nevada,10,20,10,30,15,Regular
435,94,7,5/20/2015,540,120,Small Market,West,31,Beans,Espresso,Caffe Mocha,77,214,Utah,90,110,70,200,43,Regular
702,135,2,5/21/2015,940,187,Small Market,West,122,Leaves,Herbal Tea,Chamomile,32,322,Nevada,120,170,30,290,155,Decaf
509,115,-5,5/22/2015,1166,174,Small Market,West,37,Leaves,Herbal Tea,Chamomile,105,289,Washington,100,160,110,260,69,Decaf
775,224,24,5/23/2015,1191,310,Small Market,West,73,Leaves,Herbal Tea,Lemon,194,534,Nevada,210,280,170,490,116,Decaf
541,81,-4,5/24/2015,551,104,Small Market,West,26,Leaves,Herbal Tea,Lemon,66,185,Oregon,70,100,70,170,38,Decaf
775,127,2,5/25/2015,830,185,Small Market,West,40,Leaves,Herbal Tea,Mint,122,312,Nevada,120,170,120,290,63,Decaf
702,247,65,5/26/2015,1744,329,Small Market,West,81,Leaves,Tea,Darjeeling,215,576,Nevada,180,240,150,420,114,Regular
702,250,57,5/27/2015,1820,251,Small Market,West,70,Leaves,Tea,Earl Grey,157,501,Nevada,180,180,100,360,94,Regular
971,88,13,5/28/2015,817,133,Small Market,West,29,Leaves,Tea,Earl Grey,73,221,Oregon,60,100,60,160,60,Regular
775,294,-88,5/29/2015,8252,-263,Small Market,West,111,Leaves,Tea,Green Tea,-408,31,Nevada,210,-210,-320,0,145,Regular
503,134,21,5/30/2015,690,186,Small Market,West,41,Leaves,Tea,Green Tea,121,320,Oregon,90,140,100,230,65,Regular
435,20,-15,5/31/2015,218,25,Small Market,West,7,Leaves,Tea,Green Tea,-15,45,Utah,10,20,0,30,40,Regular
650,154,-8,6/1/2015,3654,-15,Major Market,West,50,Beans,Coffee,Decaf Irish Cream,-108,139,California,220,-30,-100,190,93,Decaf
415,257,24,6/2/2015,1662,380,Major Market,West,84,Beans,Espresso,Decaf Espresso,264,637,California,230,320,240,550,116,Decaf
909,122,-7,6/3/2015,2555,-6,Major Market,West,39,Beans,Coffee,Amaretto,-67,116,California,170,-20,-60,150,61,Regular
818,260,-180,6/4/2015,2548,433,Major Market,West,91,Beans,Coffee,Colombian,290,693,California,380,580,470,960,143,Regular
714,239,20,6/5/2015,1755,270,Major Market,West,66,Beans,Espresso,Caffe Latte,180,509,California,210,220,160,430,90,Regular
805,125,-3,6/6/2015,898,193,Major Market,West,113,Beans,Espresso,Caffe Mocha,47,318,California,110,160,50,270,146,Regular
925,108,12,6/7/2015,971,174,Major Market,West,30,Leaves,Herbal Tea,Chamomile,132,282,California,80,130,120,210,42,Decaf
951,239,50,6/8/2015,1246,315,Major Market,West,74,Leaves,Herbal Tea,Lemon,220,554,California,190,220,170,410,95,Decaf
831,123,74,6/9/2015,915,199,Major Market,West,34,Leaves,Tea,Darjeeling,154,322,California,50,90,80,140,45,Regular
971,43,-44,6/10/2015,419,71,Small Market,West,13,Beans,Coffee,Decaf Irish Cream,36,114,Oregon,50,100,80,150,35,Decaf
435,79,-74,6/11/2015,593,110,Small Market,West,30,Beans,Coffee,Decaf Irish Cream,46,189,Utah,100,160,120,260,64,Decaf
206,96,-68,6/12/2015,683,149,Small Market,West,87,Beans,Coffee,Decaf Irish Cream,32,245,Washington,140,190,100,330,117,Decaf
503,161,2,6/13/2015,1267,182,Small Market,West,45,Beans,Espresso,Decaf Espresso,112,343,Oregon,140,150,110,290,70,Decaf
360,80,-21,6/14/2015,1055,105,Small Market,West,24,Beans,Espresso,Decaf Espresso,59,185,Washington,60,90,80,150,46,Decaf
503,51,-47,6/15/2015,503,79,Small Market,West,46,Beans,Coffee,Amaretto,3,130,Oregon,70,100,50,170,76,Regular
435,65,-45,6/16/2015,1053,86,Small Market,West,20,Beans,Coffee,Amaretto,45,151,Utah,90,110,90,200,41,Regular
503,60,-60,6/17/2015,463,93,Small Market,West,19,Beans,Coffee,Colombian,30,153,Oregon,80,130,90,210,63,Regular
435,47,-51,6/18/2015,375,71,Small Market,West,15,Beans,Coffee,Colombian,29,118,Utah,50,100,80,150,42,Regular
360,68,-43,6/19/2015,438,110,Small Market,West,21,Beans,Coffee,Colombian,67,178,Washington,90,140,110,230,43,Regular
206,22,-7,6/20/2015,573,32,Small Market,West,7,Beans,Espresso,Caffe Latte,13,54,Washington,10,20,20,30,19,Regular
775,21,-3,6/21/2015,846,34,Small Market,West,5,Beans,Espresso,Caffe Mocha,17,55,Nevada,10,20,20,30,17,Regular
435,103,-8,6/22/2015,564,148,Small Market,West,33,Beans,Espresso,Caffe Mocha,102,251,Utah,80,130,110,210,46,Regular
702,125,-14,6/23/2015,898,193,Small Market,West,113,Leaves,Herbal Tea,Chamomile,46,318,Nevada,90,150,60,240,147,Decaf
360,125,6,6/24/2015,1119,209,Small Market,West,41,Leaves,Herbal Tea,Chamomile,136,334,Washington,90,160,130,250,73,Decaf
775,154,24,6/25/2015,1132,237,Small Market,West,50,Leaves,Herbal Tea,Lemon,144,391,Nevada,120,170,120,290,93,Decaf
541,90,-4,6/26/2015,572,128,Small Market,West,29,Leaves,Herbal Tea,Lemon,86,218,Oregon,60,100,90,160,42,Decaf
775,122,4,6/27/2015,789,196,Small Market,West,39,Leaves,Herbal Tea,Mint,134,318,Nevada,90,150,130,240,62,Decaf
435,86,-20,6/28/2015,1698,30,Small Market,West,26,Leaves,Herbal Tea,Mint,-20,116,Utah,60,20,0,80,50,Decaf
775,257,133,6/29/2015,1662,380,Small Market,West,84,Leaves,Tea,Darjeeling,263,637,Nevada,110,180,130,290,117,Regular
971,21,-1,6/30/2015,480,35,Small Market,West,5,Leaves,Tea,Darjeeling,19,56,Oregon,0,20,20,20,16,Regular
775,239,100,7/1/2015,1755,270,Small Market,West,66,Leaves,Tea,Earl Grey,180,509,Nevada,110,120,80,230,90,Regular
702,255,-192,7/2/2015,7058,-233,Small Market,West,96,Leaves,Tea,Green Tea,-362,22,Nevada,110,-110,-170,0,129,Regular
435,25,-18,7/3/2015,209,35,Small Market,West,9,Leaves,Tea,Green Tea,-8,60,Utah,0,20,10,20,43,Regular
626,173,13,7/4/2015,3909,-17,Major Market,West,57,Beans,Coffee,Decaf Irish Cream,-117,156,California,200,-30,-130,170,100,Decaf
213,228,42,7/5/2015,1691,339,Major Market,West,75,Beans,Espresso,Decaf Espresso,232,567,California,220,290,190,510,107,Decaf
916,113,2,7/6/2015,2758,11,Major Market,West,36,Beans,Coffee,Amaretto,-48,124,California,130,0,-50,130,59,Regular
213,249,-34,7/7/2015,2580,415,Major Market,West,87,Beans,Coffee,Colombian,276,664,California,290,450,310,740,139,Regular
951,211,17,7/8/2015,1778,240,Major Market,West,59,Beans,Espresso,Caffe Latte,157,451,California,200,210,140,410,83,Regular
916,121,5,7/9/2015,912,187,Major Market,West,109,Beans,Espresso,Caffe Mocha,45,308,California,110,170,40,280,142,Regular
760,81,17,7/10/2015,984,130,Major Market,West,22,Leaves,Herbal Tea,Chamomile,97,211,California,70,110,80,180,33,Decaf
510,225,46,7/11/2015,1272,297,Major Market,West,69,Leaves,Herbal Tea,Lemon,206,522,California,210,240,160,450,91,Decaf
805,118,37,7/12/2015,930,191,Major Market,West,33,Leaves,Tea,Darjeeling,147,309,California,80,130,110,210,44,Regular
435,82,-10,7/13/2015,601,114,Small Market,West,31,Beans,Coffee,Decaf Irish Cream,50,196,Utah,90,120,60,210,64,Decaf
509,94,-9,7/14/2015,694,145,Small Market,West,85,Beans,Coffee,Decaf Irish Cream,31,239,Washington,110,150,40,260,114,Decaf
971,181,12,7/15/2015,1283,206,Small Market,West,50,Beans,Espresso,Decaf Espresso,132,387,Oregon,170,180,120,350,74,Decaf
435,69,-1,7/16/2015,1060,91,Small Market,West,21,Beans,Coffee,Amaretto,49,160,Utah,80,90,50,170,42,Regular
541,53,-18,7/17/2015,470,83,Small Market,West,17,Beans,Coffee,Colombian,22,136,Oregon,60,90,40,150,61,Regular
253,63,-10,7/18/2015,446,103,Small Market,West,20,Beans,Coffee,Colombian,60,166,Washington,70,110,70,180,43,Regular
775,15,2,7/19/2015,848,27,Small Market,West,4,Beans,Espresso,Caffe Mocha,12,42,Nevada,10,20,10,30,15,Regular
801,101,10,7/20/2015,552,145,Small Market,West,33,Beans,Espresso,Caffe Mocha,100,246,Utah,90,130,90,220,45,Regular
702,121,25,7/21/2015,912,187,Small Market,West,109,Leaves,Herbal Tea,Chamomile,45,308,Nevada,110,150,20,260,142,Decaf
206,130,23,7/22/2015,1134,216,Small Market,West,42,Leaves,Herbal Tea,Chamomile,143,346,Washington,120,180,120,300,73,Decaf
702,173,35,7/23/2015,1150,266,Small Market,West,57,Leaves,Herbal Tea,Lemon,165,439,Nevada,160,220,130,380,101,Decaf
541,88,13,7/24/2015,561,125,Small Market,West,29,Leaves,Herbal Tea,Lemon,83,213,Oregon,80,100,70,180,42,Decaf
775,113,25,7/25/2015,803,183,Small Market,West,36,Leaves,Herbal Tea,Mint,125,296,Nevada,100,150,100,250,58,Decaf
775,228,91,7/26/2015,1691,339,Small Market,West,75,Leaves,Tea,Darjeeling,231,567,Nevada,160,220,140,380,108,Regular
702,211,76,7/27/2015,1778,240,Small Market,West,59,Leaves,Tea,Earl Grey,156,451,Nevada,150,150,80,300,84,Regular
503,78,25,7/28/2015,798,132,Small Market,West,25,Leaves,Tea,Earl Grey,75,210,Oregon,50,90,50,140,57,Regular
775,245,-58,7/29/2015,7653,-211,Small Market,West,93,Leaves,Tea,Green Tea,-338,34,Nevada,180,-180,-280,0,127,Regular
971,102,35,7/30/2015,666,159,Small Market,West,31,Leaves,Tea,Green Tea,105,261,Oregon,70,100,70,170,54,Regular
951,224,14,7/31/2015,4216,-19,Major Market,West,73,Beans,Coffee,Decaf Irish Cream,-136,205,California,260,-40,-150,220,117,Decaf
209,247,44,8/1/2015,1744,367,Major Market,West,81,Beans,Espresso,Decaf Espresso,254,614,California,240,310,210,550,113,Decaf
209,127,9,8/2/2015,2947,-18,Major Market,West,40,Beans,Coffee,Amaretto,-81,109,California,150,-30,-90,120,63,Regular
530,279,-33,8/3/2015,2642,466,Major Market,West,97,Beans,Coffee,Colombian,317,745,California,330,500,350,830,149,Regular
949,250,30,8/4/2015,1820,284,Major Market,West,70,Beans,Espresso,Caffe Latte,190,534,California,240,240,160,480,94,Regular
530,135,12,8/5/2015,940,208,Major Market,West,122,Beans,Espresso,Caffe Mocha,52,343,California,130,180,40,310,156,Regular
916,86,23,8/6/2015,1003,138,Major Market,West,24,Leaves,Herbal Tea,Chamomile,103,224,California,80,110,80,190,35,Decaf
661,241,52,8/7/2015,1321,318,Major Market,West,74,Leaves,Herbal Tea,Lemon,222,559,California,220,260,170,480,96,Decaf
323,123,44,8/8/2015,959,199,Major Market,West,34,Leaves,Tea,Darjeeling,154,322,California,90,130,110,220,45,Regular
801,68,-14,8/9/2015,619,95,Small Market,West,25,Beans,Coffee,Decaf Irish Cream,36,163,Utah,80,100,50,180,59,Decaf
206,105,-14,8/10/2015,716,161,Small Market,West,95,Beans,Coffee,Decaf Irish Cream,36,266,Washington,120,170,50,290,125,Decaf
971,153,27,8/11/2015,1319,173,Small Market,West,42,Beans,Espresso,Decaf Espresso,107,326,Oregon,150,140,80,290,66,Decaf
360,80,3,8/12/2015,1079,108,Small Market,West,24,Beans,Espresso,Decaf Espresso,63,188,Washington,70,100,60,170,45,Decaf
435,63,-5,8/13/2015,1075,85,Small Market,West,19,Beans,Coffee,Amaretto,45,148,Utah,70,90,50,160,40,Regular
360,72,-10,8/14/2015,461,116,Small Market,West,23,Beans,Coffee,Colombian,70,188,Washington,80,120,80,200,46,Regular
775,16,3,8/15/2015,851,28,Small Market,West,4,Beans,Espresso,Caffe Mocha,13,44,Nevada,10,20,10,30,15,Regular
435,94,21,8/16/2015,540,134,Small Market,West,31,Beans,Espresso,Caffe Mocha,91,228,Utah,90,110,70,200,43,Regular
702,135,23,8/17/2015,940,208,Small Market,West,122,Leaves,Herbal Tea,Chamomile,53,343,Nevada,120,170,30,290,155,Decaf
253,115,14,8/18/2015,1166,193,Small Market,West,37,Leaves,Herbal Tea,Chamomile,124,308,Washington,100,160,110,260,69,Decaf
702,224,59,8/19/2015,1191,345,Small Market,West,73,Leaves,Herbal Tea,Lemon,229,569,Nevada,210,280,170,490,116,Decaf
503,81,8,8/20/2015,551,116,Small Market,West,26,Leaves,Herbal Tea,Lemon,78,197,Oregon,70,100,70,170,38,Decaf
775,127,22,8/21/2015,830,205,Small Market,West,40,Leaves,Herbal Tea,Mint,142,332,Nevada,120,170,120,290,63,Decaf
775,247,103,8/22/2015,1744,367,Small Market,West,81,Leaves,Tea,Darjeeling,253,614,Nevada,180,240,150,420,114,Regular
775,250,90,8/23/2015,1820,284,Small Market,West,70,Leaves,Tea,Earl Grey,190,534,Nevada,180,180,100,360,94,Regular
971,88,28,8/24/2015,817,148,Small Market,West,29,Leaves,Tea,Earl Grey,88,236,Oregon,60,100,60,160,60,Regular
775,294,-86,8/25/2015,8252,-261,Small Market,West,111,Leaves,Tea,Green Tea,-406,33,Nevada,210,-210,-320,0,145,Regular
503,134,42,8/26/2015,690,207,Small Market,West,41,Leaves,Tea,Green Tea,142,341,Oregon,90,140,100,230,65,Regular
435,20,-12,8/27/2015,218,28,Small Market,West,7,Leaves,Tea,Green Tea,-12,48,Utah,10,20,0,30,40,Regular
